<!DOCTYPE html><html lang="en" style="height:100%"><head><meta name="viewport" content="width=device-width, initial-scale=1.0, maximum-scale=1.0, user-scalable=no"/><meta charSet="utf-8"/><meta name="msapplication-TileColor" content="#ffffff"/><meta name="msapplication-TileImage" content="/ms-icon-144x144.png"/><meta name="theme-color" content="#ffffff"/><meta name="google-site-verification" content="q08ypUHCATsFe7plRQ46X4FFX4Ql-UpQMWaXAcr5yFA"/><link rel="canonical" href="https://mamaearth.in/"/><script type="application/ld+json">{"@context":"https://schema.org","@type":"WebSite","url":"https://mamaearth.in","potentialAction":[{"@type":"SearchAction","target":"https://mamaearth.in/search?q={search_term_string}","query-input":"required name=search_term_string"}]}</script><meta property="og:image:width" content="800"/><meta property="og:image:height" content="800"/><meta property="og:image:secure_url" content="https://st-images.honasa.in/Mobile_generic_gif_582f9c7a58.gif"/><meta name="twitter:card" content="summary"/><meta name="twitter:image" content="https://st-images.honasa.in/Mobile_generic_gif_582f9c7a58.gif"/><title>Mamaearth OMG Sale Ends Tonight with Buy1 Get1 Free Offer</title><meta name="robots" content="index,follow"/><meta name="description" content="Mamaearth OMG Sale is live with Buy 1 Get 1 Free on toxin-free skin &amp; hair care, and makeup products. Limited time! Use code OMG to save now."/><meta property="og:title" content="Mamaearth OMG Sale Ends Tonight with Buy1 Get1 Free Offer"/><meta property="og:description" content="Mamaearth OMG Sale is live with Buy 1 Get 1 Free on toxin-free skin &amp; hair care, and makeup products. Limited time! Use code OMG to save now."/><meta property="og:url" content="https://mamaearth.in/"/><meta property="og:type" content="website"/><meta property="og:image" content="https://images.mamaearth.in/logo/stores/1/logo.jpg"/><meta property="og:locale" content="en_US"/><meta property="og:site_name" content="Mamaearth | Official Website"/><meta name="keywords" content="mamaearth. mama earth, Mamaearth products, mamaearth honasa, mama earth, mamaarth product, mama earth products list, does mamaearth products work for oily skin, is mama earth products are good, mama earth ka product, mama earth ke product, mama product, mamaearth cosmetics review, mamaearth products list"/><meta http-equiv="x-ua-compatible" content="IE=edge; chrome=1"/><meta name="twitter:title" content="Mamaearth OMG Sale Ends Tonight with Buy1 Get1 Free Offer"/><meta name="twitter:description" content="Mamaearth OMG Sale is live with Buy 1 Get 1 Free on toxin-free skin &amp; hair care, and makeup products. Limited time! Use code OMG to save now."/><script type="application/ld+json">{"@context":"https://schema.org","@type":"Organization","name":"Mamaearth","Description":"Buy Mamaearth's Natural &amp; Toxin Free Skin Care Products Online. Only Toxin Free Madesafe Certified Brand In India. Visit Now!. Free Shipping.","url":"https://mamaearth.in/","Logo":"https://images.mamaearth.in/wysiwyg/Mamaearth_Goodness_Inside.png?format=auto&w=250","sameAs":["https://www.linkedin.com/company/mama-earth-in/","https://twitter.com/mamaearthindia","https://www.youtube.com/channel/UC5qhqSIcahBKKMEdLPFqeVA","https://www.facebook.com/Mamaearthindia/","https://in.pinterest.com/mamaearthindia/_created/","https://www.instagram.com/mamaearth.in/"],"Founder":[{"@type":"Person","name":"Ghazal Alagh, Varun Alagh"}],"foundingDate":"2016","contactPoint":[{"@type":"ContactPoint","telephone":"+91-8901555444","contactType":"customer service","email":"support@mamaearth.in"}],"Address":{"type":"PostalAddress","streetAddress":"Capital Cyberscape 11th Floor,Sector-59, Ullahwas","addressLocality":"Gurgaon","addressRegion":"Haryana","postalCode":"122102","addressCountry":"IN"}}</script><script type="application/ld+json">{"@context":"http://schema.org","@type":"VideoObject","name":"Goodness is in the little choices we make everyday | Mamaearth | Goodness Inside","description":"Goodness is not a superpower, nor a special gift! Goodness is in the little choices we make every day to make the world a better place.  Just like we make the choice of bringing you the best of nature with no chemicals, being plastic positive and being cruelty-free!  That is our #GoodnessInside!  Find out more here - www.mamaearth.in","thumbnailUrl":"https://i.ytimg.com/vi/YROZybuYGUE/default.jpg","uploadDate":"2020-07-10T04:16:45Z","duration":"PT1M","embedUrl":"https://www.youtube.com/embed/YROZybuYGUE ","interactionCount":"7453265"}</script><meta name="next-head-count" content="30"/><link rel="shortcut icon" href="https://images.mamaearth.in/wysiwyg/cropped-Favicon-2-150x150.png"/><link rel="apple-touch-icon" href="/apple-touch-icon.png"/><link rel="preconnect" href="https://fonts.gstatic.com"/><link rel="preconnect" href="https://np-assets.mamaearth.in"/><link rel="preconnect" href="https://st-images.honasa.in"/><link rel="preconnect" href="https://images.ctfassets.net"/><link rel="preconnect" href="https://images.mamaearth.in"/><link rel="preconnect" href="https://assets.mamaearth.in"/><link rel="preconnect" href="https://www.googletagmanager.com"/><link rel="preconnect" href="https://www.google-analytics.com"/><link rel="dns-prefetch" href="https://fonts.gstatic.com"/><link rel="preconnect" href="https://fonts.googleapis.com"/><link rel="preload" href="https://fonts.gstatic.com/s/opensans/v35/memtYaGs126MiZpBA-UFUIcVXSCEkx2cmqvXlWqWuU6FxZCJgg.woff2" as="font" type="font/woff2" crossorigin="anonymous"/><link rel="preload" href="https://fonts.gstatic.com/s/opensans/v35/memvYaGs126MiZpBA-UvWbX2vVnXBbObj2OVTS-mu0SC55I.woff2" as="font" type="font/woff2" crossorigin="anonymous"/><link rel="stylesheet" href="https://assets.mamaearth.in/config/fonts/global/style.css" crossorigin="anonymous"/><link rel="preload" href="https://assets.mamaearth.in/config/fonts/global/globalIcons.woff2" as="font" type="font/woff2" crossorigin="anonymous"/><style data-styled="hLFsOk kHFJXi iWTeof jRhvdb iJpZOI iBLIeq edrZqW ioJazy uTxCW gNJijB fDAPdj frvIGn foYhJp kjjfRj eFcMpM rabRH cUlkfO jIQBHB fNXInk jHYDpL hKeYYH cDdDBS rGWGI bIYdbO gUZPhp gqBEfi  bIQpdm ihJHng hITgTW fQprg kbssUp dqsSyJ dOTEkG htLxKv hZUZoY hrAefs lhUvSj igQUvj kfhLOi hIpCAS hAoWED jZRdHD hWvWML iereau fhqHop dBkqxL bzuWvM gLPpKf cUfJyD vyvkO jzxHgm cvbkex clrADg cHQwCb jnHJwN fwjWSA ekXIav gEaynE eIbdNi jyFaYP jmVQAP gNXurx bqCEsE eTUHiT dYbquT cJESVi bWOcVq hkpAxW fsSVSj fFXvpP knjjXY crPAgK gwTIyB fpnVMo iasKrl jhncOw eztjTj dXDher gjuQOL gTIbkM hEZysm cCQpCZ bgLKMH fUwRLw bXpwPy hZSosQ hBVnsW kFPfPO kFxzFt csjswO gIoMzF diEAfE gThRmc" data-styled-version="4.4.1">
/* sc-component-id: sc-bdVaJa */
.ioJazy{list-style-type:none;}
/* sc-component-id: sc-htpNat */
.iWTeof{display:-webkit-box;display:-webkit-flex;display:-ms-flexbox;display:flex;-webkit-flex-direction:column;-ms-flex-direction:column;flex-direction:column;-webkit-box-pack:initial;-webkit-justify-content:initial;-ms-flex-pack:initial;justify-content:initial;-webkit-align-items:space-between;-webkit-box-align:space-between;-ms-flex-align:space-between;align-items:space-between;-webkit-flex-wrap:wrap;-ms-flex-wrap:wrap;flex-wrap:wrap;}.jRhvdb{display:-webkit-box;display:-webkit-flex;display:-ms-flexbox;display:flex;-webkit-flex-direction:column;-ms-flex-direction:column;flex-direction:column;-webkit-box-pack:initial;-webkit-justify-content:initial;-ms-flex-pack:initial;justify-content:initial;-webkit-align-items:initial;-webkit-box-align:initial;-ms-flex-align:initial;align-items:initial;-webkit-flex-wrap:wrap;-ms-flex-wrap:wrap;flex-wrap:wrap;}.iJpZOI{display:-webkit-box;display:-webkit-flex;display:-ms-flexbox;display:flex;-webkit-flex-direction:row;-ms-flex-direction:row;flex-direction:row;-webkit-box-pack:initial;-webkit-justify-content:initial;-ms-flex-pack:initial;justify-content:initial;-webkit-align-items:initial;-webkit-box-align:initial;-ms-flex-align:initial;align-items:initial;-webkit-flex-wrap:wrap;-ms-flex-wrap:wrap;flex-wrap:wrap;}.iBLIeq{display:-webkit-box;display:-webkit-flex;display:-ms-flexbox;display:flex;-webkit-flex-direction:row;-ms-flex-direction:row;flex-direction:row;-webkit-box-pack:justify;-webkit-justify-content:space-between;-ms-flex-pack:justify;justify-content:space-between;-webkit-align-items:initial;-webkit-box-align:initial;-ms-flex-align:initial;align-items:initial;-webkit-flex-wrap:wrap;-ms-flex-wrap:wrap;flex-wrap:wrap;}.edrZqW{display:-webkit-box;display:-webkit-flex;display:-ms-flexbox;display:flex;-webkit-flex-direction:row;-ms-flex-direction:row;flex-direction:row;-webkit-box-pack:center;-webkit-justify-content:center;-ms-flex-pack:center;justify-content:center;-webkit-align-items:initial;-webkit-box-align:initial;-ms-flex-align:initial;align-items:initial;-webkit-flex-wrap:wrap;-ms-flex-wrap:wrap;flex-wrap:wrap;}
/* sc-component-id: sc-bxivhb */
.hLFsOk{min-height:40.31px;background-color:#F04438;color:#fff;padding-left:2vw;padding-right:2vw;font-size:0.8rem;background-repeat:no-repeat;background-size:100% 100%;} .hLFsOk .showOnMobile{display:block;line-height:1.44rem !important;background:#1D1D1D;font-size:1rem;text-align:center;margin:0;background-color:#F04438;background-repeat:no-repeat;background-size:100% 100%;} .hLFsOk .link-color{color:#fff;} .hLFsOk ul{display:none;} @media only screen and (min-width:768px){.hLFsOk{min-height:27.68px;}.hLFsOk .showOnMobile{display:none;}.hLFsOk ul{display:-webkit-box;display:-webkit-flex;display:-ms-flexbox;display:flex;-webkit-box-pack:justify;-webkit-justify-content:space-between;-ms-flex-pack:justify;justify-content:space-between;padding-top:4px;padding-bottom:4px;}.hLFsOk ul li p{margin-top:0px;margin-bottom:0px;}.hLFsOk ul li a{padding-left:10px;padding-right:10px;}.hLFsOk ul li a:hover{color:#fff;-webkit-text-decoration:underline;text-decoration:underline;}.hLFsOk ul li .searchContainer{display:inline-block;padding-left:10px;}.hLFsOk a{color:#fff;display:inline-block;}}.kHFJXi{background-color:#F04438;color:#fff;padding-left:2vw;padding-right:2vw;font-size:0.8rem;background-repeat:no-repeat;background-size:100% 100%;} .kHFJXi .showOnMobile{display:block;line-height:1.44rem !important;background:#1D1D1D;font-size:1rem;text-align:center;margin:0;background-color:#F04438;background-repeat:no-repeat;background-size:100% 100%;} .kHFJXi .link-color{color:#fff;} .kHFJXi ul{display:none;} @media only screen and (min-width:768px){.kHFJXi{min-height:27.68px;}.kHFJXi .showOnMobile{display:none;}.kHFJXi ul{display:-webkit-box;display:-webkit-flex;display:-ms-flexbox;display:flex;-webkit-box-pack:justify;-webkit-justify-content:space-between;-ms-flex-pack:justify;justify-content:space-between;padding-top:4px;padding-bottom:4px;}.kHFJXi ul li p{margin-top:0px;margin-bottom:0px;}.kHFJXi ul li a{padding-left:10px;padding-right:10px;}.kHFJXi ul li a:hover{color:#fff;-webkit-text-decoration:underline;text-decoration:underline;}.kHFJXi ul li .searchContainer{display:inline-block;padding-left:10px;}.kHFJXi a{color:#fff;display:inline-block;}}
/* sc-component-id: sc-htoDjs */
.ihJHng{display:-webkit-box;display:-webkit-flex;display:-ms-flexbox;display:flex;width:100%;bottom:0px;position:fixed;-webkit-flex-direction:column;-ms-flex-direction:column;flex-direction:column;z-index:100;}.hITgTW{display:-webkit-box;display:-webkit-flex;display:-ms-flexbox;display:flex;width:100%;bottom:72px;position:fixed;-webkit-flex-direction:column;-ms-flex-direction:column;flex-direction:column;z-index:100;}
/* sc-component-id: sc-dnqmqq */
.fQprg{display:-webkit-box;display:-webkit-flex;display:-ms-flexbox;display:flex;background:white;-webkit-box-pack:space-around;-webkit-justify-content:space-around;-ms-flex-pack:space-around;justify-content:space-around;padding:8px 16px 8px 16px;box-shadow:0px -8px 16px 0px rgba(0,0,0,0.1);z-index:100;}
/* sc-component-id: sc-iwsKbI */
.kbssUp{display:-webkit-box;display:-webkit-flex;display:-ms-flexbox;display:flex;-webkit-flex-direction:column;-ms-flex-direction:column;flex-direction:column;-webkit-align-items:center;-webkit-box-align:center;-ms-flex-align:center;align-items:center;} .kbssUp .navigation-item-title{display:-webkit-box;display:-webkit-flex;display:-ms-flexbox;display:flex;font-size:12px;font-size:clamp(12px,3.34vw,15px);color:#1d1d1d;font-weight:400;}.dqsSyJ{display:-webkit-box;display:-webkit-flex;display:-ms-flexbox;display:flex;-webkit-flex-direction:column;-ms-flex-direction:column;flex-direction:column;-webkit-align-items:center;-webkit-box-align:center;-ms-flex-align:center;align-items:center;padding-left:14px;border-left:1px dashed #CCCCCC;} .dqsSyJ .navigation-item-title{display:-webkit-box;display:-webkit-flex;display:-ms-flexbox;display:flex;font-size:12px;font-size:clamp(12px,3.34vw,15px);color:#1d1d1d;font-weight:400;}.dOTEkG{display:-webkit-box;display:-webkit-flex;display:-ms-flexbox;display:flex;-webkit-flex-direction:column;-ms-flex-direction:column;flex-direction:column;-webkit-align-items:center;-webkit-box-align:center;-ms-flex-align:center;align-items:center;} .dOTEkG .navigation-item-title{display:-webkit-box;display:-webkit-flex;display:-ms-flexbox;display:flex;font-size:12px;font-size:clamp(12px,3.34vw,15px);color:#00AEEF;font-weight:400;}
/* sc-component-id: sc-gZMcBi */
.htLxKv{font-size:20px;font-size:clamp(20px,5.56vw,30px);min-height:20px;min-height:clamp(20px,5.56vw,30px);}
/* sc-component-id: sc-dxgOiQ */
.kjjfRj{position:relative;-webkit-transition:all 0.3s;transition:all 0.3s;} .kjjfRj:active{background-color:#00AFEF;} .kjjfRj:active svg{color:#fff;} .kjjfRj svg{stroke-width:2.5px;color:#00AFEF;} @media (min-width:1024px){.kjjfRj{display:none;}}
/* sc-component-id: sc-jKJlTe */
.fNXInk{cursor:pointer;} .fNXInk .hide-1024{position:relative;} .fNXInk svg.user-account-icon{color:#00AFEF;width:18px;height:18px;} .fNXInk svg.user-account-icon{stroke-width:1.4px;} .fNXInk .display-1024{color:#00AFEF;} .fNXInk .display-1024 svg{width:22px;height:22px;}
/* sc-component-id: sc-eNQAEJ */
.jIQBHB{display:grid;-webkit-align-items:center;-webkit-box-align:center;-ms-flex-align:center;align-items:center;grid-template-columns:auto auto;grid-column-gap:0.5rem;cursor:pointer;} .jIQBHB .login-dot{position:absolute;top:-3px;right:2px;content:"";width:5px;height:5px;display:inline-block;background-color:#00afef;border-radius:5px;} @media only screen and (min-width:411px){.jIQBHB{grid-column-gap:0.75rem;}} @media only screen and (min-width:480px){.jIQBHB{grid-column-gap:1rem;}} @media screen and (min-width:1024px){.jIQBHB{grid-column-gap:0.5rem;}.jIQBHB .name-label{display:revert;padding-top:3px;font-size:0.875rem;line-height:1.4em;}.jIQBHB.user-account-trigger{position:relative;}.jIQBHB.user-account-trigger:hover > .desktop-dropdown{visibility:visible;}}
/* sc-component-id: sc-kEYyzF */
.gUZPhp{font-size:1rem;font-weight:500;line-height:1.4em;color:#1D1D1D;}
/* sc-component-id: sc-kkGfuU */
.bIYdbO{margin:0;font-size:0.9rem;font-weight:400;line-height:1.2em;color:#1D1D1D;}
/* sc-component-id: sc-iAyFgw */
.rGWGI{font-size:1rem;font-weight:500;line-height:1.4em;color:#1D1D1D;}
/* sc-component-id: sc-hSdWYo */
.cDdDBS{padding-right:2rem;display:-webkit-box;display:-webkit-flex;display:-ms-flexbox;display:flex;-webkit-flex-direction:column;-ms-flex-direction:column;flex-direction:column;white-space:nowrap;} .cDdDBS:not(:first-child){border-left:1px solid #DCDCDC;padding-left:1.25rem;}
/* sc-component-id: sc-eHgmQL */
.gqBEfi{padding-right:2rem;display:-webkit-box;display:-webkit-flex;display:-ms-flexbox;display:flex;-webkit-flex-direction:column;-ms-flex-direction:column;flex-direction:column;white-space:nowrap;} .gqBEfi:not(:first-child){border-left:1px solid #DCDCDC;padding-left:1.25rem;}
/* sc-component-id: sc-cvbbAY */
.hKeYYH{-webkit-transition:all 0.3s;transition:all 0.3s;cursor:default;visibility:hidden;opacity:0;position:absolute;top:calc(100% + 0.4rem);left:50%;content:"";-webkit-transform:translateX(-27%);-ms-transform:translateX(-27%);transform:translateX(-27%);display:-webkit-box;display:-webkit-flex;display:-ms-flexbox;display:flex;-webkit-align-items:flex-start;-webkit-box-align:flex-start;-ms-flex-align:flex-start;align-items:flex-start;padding:1.25rem 1.5rem 1.25rem;background:#fff 0% 0% no-repeat padding-box;box-shadow:0px 8px 16px #A3A3A3;border-top:2px solid #00AFEF;} .hKeYYH .sc-kEYyzF.active{color:#00AFEF;} .hKeYYH .sc-kkGfuU{margin-top:1rem;color:#727272;font-size:0.8rem;font-weight:500;text-transform:capitalize;} .hKeYYH .sc-kkGfuU:active,.hKeYYH .sc-kkGfuU.active{color:#00AFEF;} .hKeYYH .sc-kkGfuU:hover:not(.active){color:#505050;} .hKeYYH .view-all-link{color:#00AFEF;font-size:0.9rem;font-weight:500;line-height:1.4em;}
/* sc-component-id: sc-jWBwVP */
@media only screen and (max-width:768px){.jHYDpL{display:none;}} @media only screen and (min-width:1024px){.jHYDpL{display:block;}} .jHYDpL ul.mainMenu{list-style-type:none;display:-webkit-box;display:-webkit-flex;display:-ms-flexbox;display:flex;height:100%;-webkit-align-items:center;-webkit-box-align:center;-ms-flex-align:center;align-items:center;} .jHYDpL ul.mainMenu li.category{position:relative;} .jHYDpL ul.mainMenu li.category:not(:last-child){margin-right:2.2rem;} .jHYDpL ul.mainMenu li.category > a{color:rgb(92,92,92);font-size:0.8rem;font-weight:700;text-transform:uppercase;} .jHYDpL ul.mainMenu li.category > a.active{color:#00AFEF;} .jHYDpL li{cursor:pointer;} .jHYDpL li.category:hover > .sc-cvbbAY{visibility:visible;opacity:1;} @media only screen and (min-width:1400px){.jHYDpL ul.mainMenu li:not(:last-child){margin-right:3rem;}}
/* sc-component-id: sc-jDwBTQ */
.hBVnsW{overflow:hidden;border-right:0.15em solid black;white-space:nowrap;-webkit-letter-spacing:0.1ch;-moz-letter-spacing:0.1ch;-ms-letter-spacing:0.1ch;letter-spacing:0.1ch;-webkit-animation:typing 4s steps(40,end) infinite, blink-caret 1.5s step-end infinite;animation:typing 4s steps(40,end) infinite, blink-caret 1.5s step-end infinite;} @-webkit-keyframes typing{0%{width:0;}50%{width:100%;}100%{width:0;}} @keyframes typing{0%{width:0;}50%{width:100%;}100%{width:0;}} @-webkit-keyframes blink-caret{from,to{border-color:transparent;}50%{border-color:black;}} @keyframes blink-caret{from,to{border-color:transparent;}50%{border-color:black;}}
/* sc-component-id: sc-gPEVay */
.bXpwPy{padding:4px 0px 4px 5px;border:1px solid #E6E8E7;border-top-left-radius:4px;border-bottom-left-radius:4px;border-right:none;} @media (max-width:767px){.bXpwPy{min-height:30px;}}
/* sc-component-id: sc-iRbamj */
.hZSosQ{border:1px solid #E6E8E7;border-radius:4px;border-left:none;border-top-left-radius:0px;border-bottom-left-radius:0px;width:100%;cursor:pointer;} .hZSosQ p{font-size:14px;margin:5px 10px 3px 10px;color:#333;} @media (max-width:768px){.hZSosQ{min-height:30px;}}
/* sc-component-id: sc-jlyJG */
.cUlkfO{cursor:pointer;} .cUlkfO .cart-icon svg{color:#00AFEF;width:18px;height:18px;} .cUlkfO .cart-icon svg{stroke-width:1.8px;} .cUlkfO .cart-icon .path-selector{fill:#00AFEF;} .cUlkfO .item-count{position:absolute;top:-2px;right:-6px;width:14px;height:13px;display:grid;place-items:center;border-radius:50%;text-align:center;font-size:0.65rem;font-weight:500;line-height:1.2em;color:#fff;background:#00AFEF;} .cUlkfO .display-1024{display:none !important;} @media only screen and (min-width:1024px){.cUlkfO .item-count{top:0px;right:-6px;font-size:0.6rem;}.cUlkfO .cart-icon svg{width:20px;height:20px;}.cUlkfO .display-1024{color:#00AFEF;}.cUlkfO .display-1024 svg{width:20px;height:20px;}} @media only screen and (min-width:1400px){.cUlkfO .cart-icon svg{width:22px;height:22px;}.cUlkfO .display-1024 svg{width:22px;height:22px;}}
/* sc-component-id: sc-gipzik */
.rabRH{display:grid;-webkit-align-items:center;-webkit-box-align:center;-ms-flex-align:center;align-items:center;grid-template-columns:auto auto;grid-column-gap:0.5rem;cursor:pointer;} .rabRH .name-label{display:none;} .rabRH .cart-icon-container{position:relative;} .rabRH.isLoggedIn .hide-1024{position:relative;} .rabRH.isLoggedIn .hide-1024::after{position:absolute;top:-3px;right:2px;content:"";width:5px;height:5px;background-color:#00AFEF;border-radius:5px;} @media only screen and (min-width:411px){.rabRH{grid-column-gap:0.75rem;}} @media only screen and (min-width:480px){.rabRH{grid-column-gap:1rem;}} @media screen and (min-width:1024px){.rabRH{grid-column-gap:0.5rem;}.rabRH .name-label{display:revert;padding-top:3px;font-size:0.875rem;line-height:1.4em;color:#505050;}.rabRH .display-1024{display:inline-block !important;}.rabRH .hide-1024,.rabRH.isLoggedIn .display-1024:not(.isLoggedIn),.rabRH:not(.isLoggedIn) .display-1024.isLoggedIn{display:none !important;}}
/* sc-component-id: sc-csuQGl */
.eFcMpM{display:grid;grid-template-columns:auto auto;grid-column-gap:9px;} .eFcMpM .cart-trigger{grid-area:1 / 1;} @media only screen and (min-width:1024px){.eFcMpM .cart-trigger{grid-area:1 / 1;}.eFcMpM .name-label{text-transform:capitalize;}} @media only screen and (min-width:1200px){.eFcMpM{grid-column-gap:2.5rem;}}
/* sc-component-id: sc-fBuWsC */
.fDAPdj{box-shadow:0 4px 8px 0 rgb(0 0 0 / 10%);background-color:#fff;} .fDAPdj .flex{display:-webkit-box;display:-webkit-flex;display:-ms-flexbox;display:flex;-webkit-align-items:center;-webkit-box-align:center;-ms-flex-align:center;align-items:center;-webkit-box-pack:justify;-webkit-justify-content:space-between;-ms-flex-pack:justify;justify-content:space-between;} .fDAPdj .legacy{padding:0.3rem 0.5rem;display:-webkit-box;display:-webkit-flex;display:-ms-flexbox;display:flex;-webkit-box-pack:justify;-webkit-justify-content:space-between;-ms-flex-pack:justify;justify-content:space-between;-webkit-align-items:center;-webkit-box-align:center;-ms-flex-align:center;align-items:center;} .fDAPdj .honasa-logo-wrapper{margin-right:auto;margin-left:0.25rem;} .fDAPdj .get-app{background:#00afef;color:#fff;border-radius:28px;padding:2px 12px;margin-right:16px;font-size:12px;font-size:clamp(12px,3.34vw,20px);} .fDAPdj .mamacash-logo-wrapper{position:relative;margin-right:16px;} @media only screen and (min-width:768px){.fDAPdj .mamacash-logo-wrapper{margin-right:24px;}.fDAPdj .mamacash-logo-wrapper:hover .mamacash-dialog{visibility:visible;opacity:1;}} .fDAPdj .mamacash-dialog{visibility:hidden;background-color:#ffeec4;color:black;padding:16px;position:absolute;z-index:2;top:136%;right:-136%;opacity:0;-webkit-transition:opacity 0.3s;transition:opacity 0.3s;min-width:270px;font-size:12px;line-height:14px;font-weight:700;border:1px solid #ffd56c;border-radius:8px;} .fDAPdj .mamacash-dialog .flex-wallet{display:-webkit-box;display:-webkit-flex;display:-ms-flexbox;display:flex;} .fDAPdj .mamacash-dialog .login-cta{width:100%;background-color:#01aeef;border-radius:4px;border:1px solid #01aeef;color:#ffffff;padding:4px;margin-top:8px;text-align:center;} .fDAPdj .mamacash-dialog::after,.fDAPdj .mamacash-dialog::before{content:"";display:block;position:absolute;left:45%;width:0;height:0;border-style:solid;} .fDAPdj .mamacash-dialog::after{top:-16px;left:45.5%;border-color:transparent transparent #ffeec4 transparent;border-width:8px;} .fDAPdj .mamacash-dialog::before{top:-18px;border-color:transparent transparent #ffd56c transparent;border-width:9px;} .fDAPdj .mamacash-dialog .redeem-now-text{display:block;font-weight:400;} .fDAPdj .mamacash-dialog.wallet{background-color:#ebf5e0;border:1px solid #cae1b0;} .fDAPdj .mamacash-dialog.wallet::after{top:-16px;left:45.5%;border-color:transparent transparent #ebf5e0 transparent;border-width:8px;} .fDAPdj .mamacash-dialog.wallet::before{top:-18px;border-color:transparent transparent #cae1b0 transparent;border-width:9px;} .fDAPdj .mamacash-expiry-balance{margin-left:8px;} .fDAPdj .mamacash-heading{position:absolute;top:-5px;left:11px;font-size:10px;font-weight:700;color:#000000;} .fDAPdj .wallet-amount{width:75px;height:24px;font-size:14px;font-weight:700;margin-top:4px;color:#00aeef;text-align:center;border:solid 1px transparent;border-top:none;border-radius:100px;background-image:linear-gradient(white,white),linear-gradient(0deg,#90c155,#90c155);background-origin:border-box;background-clip:content-box,border-box;} .fDAPdj .gif{cursor:pointer !important;margin:auto !important;} @media (max-width:768px){.fDAPdj .gif{display:none !important;}} .fDAPdj .search-row{position:relative;padding-bottom:8px;padding-top:8px;} .fDAPdj .scrolled{background-color:#fff;box-shadow:0 4px 12px 0 #F2F2F2;} .fDAPdj .drop-down-desktop{color:#00AEEF;background:#F0FFFC;font-size:12px;text-transform:capitalize;font-weight:520;padding:3px 10px 3px 10px;margin-left:1px;margin-bottom:7px;-webkit-letter-spacing:0px;-moz-letter-spacing:0px;-ms-letter-spacing:0px;letter-spacing:0px;} .fDAPdj .trending-title-desktop{size:12px;color:#00AEEF;font-size:13px;margin:8px 0px 8px 5px;} .fDAPdj .icon{margin-right:8px;} .fDAPdj .wrap-desktop{position:absolute;z-index:1;background:#fff;margin-top:32px;width:100%;left:0px;padding-left:10px;padding-bottom:8px;border-bottom-right-radius:2px;border-bottom-left-radius:2px;} .fDAPdj .close{padding-left:4px;padding-right:4px;color:#1D1D1D;} .fDAPdj .ShortSearchBar{position:relative;} @media (max-width:768px){.fDAPdj .ShortSearchBar{display:none;}} .fDAPdj .search-clear-icon{position:absolute;top:14%;cursor:pointer;right:5%;} .fDAPdj .FullSearchBar{position:relative;padding-top:0;padding-bottom:8px;} .fDAPdj .FullSearchBar:focus{border-color:#00AEEF;} .fDAPdj .FullSearchBar #mobileSearch{padding:0.375rem 0.75rem;border-radius:5px;} .fDAPdj .FullSearchBar #mobileSearch::-webkit-input-placeholder{color:#727272;} .fDAPdj .FullSearchBar #mobileSearch::-moz-placeholder{color:#727272;} .fDAPdj .FullSearchBar #mobileSearch:-ms-input-placeholder{color:#727272;} .fDAPdj .FullSearchBar #mobileSearch::placeholder{color:#727272;} .fDAPdj .FullSearchBar.on-search #mobileSearch{border-left:none;border-top-left-radius:0px;border-bottom-left-radius:0px;} .fDAPdj .FullSearchBar #mobileSearch:focus{border-color:#E6E8E7;} .fDAPdj .FullSearchBar .search-clear-icon{top:20%;right:5%;} .fDAPdj .logo{max-width:120px;} .fDAPdj .customScrollBar{padding:0px;margin:0px;padding-top:5rem;padding-top:6rem;} @media only screen and (max-width:768px){.fDAPdj .customScrollBar{margin-bottom:0rem;}.fDAPdj .customScrollBar.with-contextual{margin-bottom:8rem;}} .fDAPdj .customScrollBar::-webkit-scrollbar{width:5px;} .fDAPdj .customScrollBar::-webkit-scrollbar-track{background:#F2F2F2;} .fDAPdj .customScrollBar::-webkit-scrollbar-thumb{background:#727272;} .fDAPdj .customScrollBar::-webkit-scrollbar-thumb:hover{background:#1D1D1D;} .fDAPdj .selectCurrency{width:70px;display:-webkit-box;display:-webkit-flex;display:-ms-flexbox;display:flex;-webkit-box-pack:center;-webkit-justify-content:center;-ms-flex-pack:center;justify-content:center;-webkit-align-items:center;-webkit-box-align:center;-ms-flex-align:center;align-items:center;} .fDAPdj .selectCurrency .select__control{width:100%;} @media only screen and (min-width:411px){.fDAPdj .honasa-logo-wrapper{margin-left:0.5rem;}.fDAPdj .FullSearchBar{padding-top:0.25rem;}} @media only screen and (min-width:768px){.fDAPdj .legacy{padding:0.5rem 1rem;}.fDAPdj .ShortSearchBar{display:-webkit-box;display:-webkit-flex;display:-ms-flexbox;display:flex;margin-right:auto;width:50vw;}.fDAPdj .ShortSearchBar .search-input{color:#727272;font-size:0.95rem;font-weight:400;padding:0.25rem 0.75rem;border-radius:5px;}.fDAPdj .ShortSearchBar .search-input.on-search{border-left:none;border-top-left-radius:0px;border-bottom-left-radius:0px;}.fDAPdj .ShortSearchBar .search-input::-webkit-input-placeholder{font-size:0.9rem;}.fDAPdj .ShortSearchBar .search-input::-moz-placeholder{font-size:0.9rem;}.fDAPdj .ShortSearchBar .search-input:-ms-input-placeholder{font-size:0.9rem;}.fDAPdj .ShortSearchBar .search-input::placeholder{font-size:0.9rem;}.fDAPdj .ShortSearchBar .search-input:focus{border-color:#E6E8E7;}.fDAPdj .ShortSearchBar .search-button{border-top-right-radius:5px;border-bottom-right-radius:5px;padding:0.15rem 0.5rem 0;display:-webkit-box;display:-webkit-flex;display:-ms-flexbox;display:flex;-webkit-align-items:center;-webkit-box-align:center;-ms-flex-align:center;align-items:center;-webkit-box-pack:start;-webkit-justify-content:flex-start;-ms-flex-pack:start;justify-content:flex-start;background-color:#00AFEF;color:#fff;font-weight:400;}.fDAPdj .ShortSearchBar .search-button .search-icon{padding-right:0.5rem;}.fDAPdj .ShortSearchBar .search-button .search-icon svg{height:15px;}.fDAPdj .ShortSearchBar .search-button .search-icon svg path.path-selector{fill:#fff;}.fDAPdj .FullSearchBar{display:none;}} @media only screen and (min-width:1024px){.fDAPdj .honasa-logo-wrapper{margin-left:0;}.fDAPdj .honasa-logo-wrapper img{max-width:130px;}.fDAPdj .ShortSearchBar{width:45vw;}.fDAPdj .ShortSearchBar .search-input{padding:0.375rem 0.75rem;font-size:0.9rem;}.fDAPdj .ShortSearchBar .search-input::-webkit-input-placeholder{font-size:0.9rem;}.fDAPdj .ShortSearchBar .search-input::-moz-placeholder{font-size:0.9rem;}.fDAPdj .ShortSearchBar .search-input:-ms-input-placeholder{font-size:0.9rem;}.fDAPdj .ShortSearchBar .search-input::placeholder{font-size:0.9rem;}.fDAPdj .search-row{padding:0.5rem 7vw;}.fDAPdj .categories-row{padding:0.5rem 7vw;border-top:1px solid #DCDCDC;box-shadow:0px 3px 6px #DCDCDC;}} @media only screen and (min-width:1200px){.fDAPdj .honasa-logo-wrapper img{max-width:140px;}.fDAPdj .ShortSearchBar{width:45vw;}.fDAPdj .ShortSearchBar .search-button{padding:0 0.75rem;}.fDAPdj .search-input{padding:0.5rem 1rem;}} .fDAPdj .vip-logo{max-width:80px !important;} @media (min-width:800px){.fDAPdj .vip-logo{max-width:100px !important;}} @media only screen and (min-width:1400px){.fDAPdj .honasa-logo-wrapper img{max-width:150px;}.fDAPdj .ShortSearchBar{width:40vw;}}.frvIGn{box-shadow:0 4px 8px 0 rgb(0 0 0 / 10%);background-color:#fff;} .frvIGn .flex{display:-webkit-box;display:-webkit-flex;display:-ms-flexbox;display:flex;-webkit-align-items:center;-webkit-box-align:center;-ms-flex-align:center;align-items:center;-webkit-box-pack:justify;-webkit-justify-content:space-between;-ms-flex-pack:justify;justify-content:space-between;} .frvIGn .legacy{padding:0.3rem 0.5rem;display:-webkit-box;display:-webkit-flex;display:-ms-flexbox;display:flex;-webkit-box-pack:justify;-webkit-justify-content:space-between;-ms-flex-pack:justify;justify-content:space-between;-webkit-align-items:center;-webkit-box-align:center;-ms-flex-align:center;align-items:center;} .frvIGn .honasa-logo-wrapper{margin-right:auto;margin-left:0.25rem;} .frvIGn .get-app{background:#00afef;color:#fff;border-radius:28px;padding:2px 12px;margin-right:16px;font-size:12px;font-size:clamp(12px,3.34vw,20px);} .frvIGn .mamacash-logo-wrapper{position:relative;margin-right:16px;} @media only screen and (min-width:768px){.frvIGn .mamacash-logo-wrapper{margin-right:24px;}.frvIGn .mamacash-logo-wrapper:hover .mamacash-dialog{visibility:visible;opacity:1;}} .frvIGn .mamacash-dialog{visibility:hidden;background-color:#ffeec4;color:black;padding:16px;position:absolute;z-index:2;top:136%;right:-136%;opacity:0;-webkit-transition:opacity 0.3s;transition:opacity 0.3s;min-width:270px;font-size:12px;line-height:14px;font-weight:700;border:1px solid #ffd56c;border-radius:8px;} .frvIGn .mamacash-dialog .flex-wallet{display:-webkit-box;display:-webkit-flex;display:-ms-flexbox;display:flex;} .frvIGn .mamacash-dialog .login-cta{width:100%;background-color:#01aeef;border-radius:4px;border:1px solid #01aeef;color:#ffffff;padding:4px;margin-top:8px;text-align:center;} .frvIGn .mamacash-dialog::after,.frvIGn .mamacash-dialog::before{content:"";display:block;position:absolute;left:45%;width:0;height:0;border-style:solid;} .frvIGn .mamacash-dialog::after{top:-16px;left:45.5%;border-color:transparent transparent #ffeec4 transparent;border-width:8px;} .frvIGn .mamacash-dialog::before{top:-18px;border-color:transparent transparent #ffd56c transparent;border-width:9px;} .frvIGn .mamacash-dialog .redeem-now-text{display:block;font-weight:400;} .frvIGn .mamacash-dialog.wallet{background-color:#ebf5e0;border:1px solid #cae1b0;} .frvIGn .mamacash-dialog.wallet::after{top:-16px;left:45.5%;border-color:transparent transparent #ebf5e0 transparent;border-width:8px;} .frvIGn .mamacash-dialog.wallet::before{top:-18px;border-color:transparent transparent #cae1b0 transparent;border-width:9px;} .frvIGn .mamacash-expiry-balance{margin-left:8px;} .frvIGn .mamacash-heading{position:absolute;top:-5px;left:11px;font-size:10px;font-weight:700;color:#000000;} .frvIGn .wallet-amount{width:75px;height:24px;font-size:14px;font-weight:700;margin-top:4px;color:#00aeef;text-align:center;border:solid 1px transparent;border-top:none;border-radius:100px;background-image:linear-gradient(white,white),linear-gradient(0deg,#90c155,#90c155);background-origin:border-box;background-clip:content-box,border-box;} .frvIGn .gif{cursor:pointer !important;margin:auto !important;} @media (max-width:768px){.frvIGn .gif{display:none !important;}} .frvIGn .search-row{position:relative;padding-bottom:8px;padding-top:8px;} .frvIGn .scrolled{background-color:#fff;box-shadow:0 4px 12px 0 #F2F2F2;} .frvIGn .drop-down-desktop{color:#00AEEF;background:#F0FFFC;font-size:12px;text-transform:capitalize;font-weight:520;padding:3px 10px 3px 10px;margin-left:1px;margin-bottom:7px;-webkit-letter-spacing:0px;-moz-letter-spacing:0px;-ms-letter-spacing:0px;letter-spacing:0px;} .frvIGn .trending-title-desktop{size:12px;color:#00AEEF;font-size:13px;margin:8px 0px 8px 5px;} .frvIGn .icon{margin-right:8px;} .frvIGn .wrap-desktop{position:absolute;z-index:1;background:#fff;margin-top:32px;width:100%;left:0px;padding-left:10px;padding-bottom:8px;border-bottom-right-radius:2px;border-bottom-left-radius:2px;} .frvIGn .close{padding-left:4px;padding-right:4px;color:#1D1D1D;} .frvIGn .ShortSearchBar{position:relative;} @media (max-width:768px){.frvIGn .ShortSearchBar{display:none;}} .frvIGn .search-clear-icon{position:absolute;top:14%;cursor:pointer;right:5%;} .frvIGn .FullSearchBar{position:relative;padding-top:0;padding-bottom:8px;} .frvIGn .FullSearchBar:focus{border-color:#00AEEF;} .frvIGn .FullSearchBar #mobileSearch{padding:0.375rem 0.75rem;border-radius:5px;} .frvIGn .FullSearchBar #mobileSearch::-webkit-input-placeholder{color:#727272;} .frvIGn .FullSearchBar #mobileSearch::-moz-placeholder{color:#727272;} .frvIGn .FullSearchBar #mobileSearch:-ms-input-placeholder{color:#727272;} .frvIGn .FullSearchBar #mobileSearch::placeholder{color:#727272;} .frvIGn .FullSearchBar.on-search #mobileSearch{border-left:none;border-top-left-radius:0px;border-bottom-left-radius:0px;} .frvIGn .FullSearchBar #mobileSearch:focus{border-color:#E6E8E7;} .frvIGn .FullSearchBar .search-clear-icon{top:20%;right:5%;} .frvIGn .logo{max-width:120px;} .frvIGn .customScrollBar{padding:0px;margin:0px;padding-top:5rem;padding-top:3rem;} @media only screen and (max-width:768px){.frvIGn .customScrollBar{margin-bottom:0rem;}.frvIGn .customScrollBar.with-contextual{margin-bottom:8rem;}} .frvIGn .customScrollBar::-webkit-scrollbar{width:5px;} .frvIGn .customScrollBar::-webkit-scrollbar-track{background:#F2F2F2;} .frvIGn .customScrollBar::-webkit-scrollbar-thumb{background:#727272;} .frvIGn .customScrollBar::-webkit-scrollbar-thumb:hover{background:#1D1D1D;} .frvIGn .selectCurrency{width:70px;display:-webkit-box;display:-webkit-flex;display:-ms-flexbox;display:flex;-webkit-box-pack:center;-webkit-justify-content:center;-ms-flex-pack:center;justify-content:center;-webkit-align-items:center;-webkit-box-align:center;-ms-flex-align:center;align-items:center;} .frvIGn .selectCurrency .select__control{width:100%;} @media only screen and (min-width:411px){.frvIGn .honasa-logo-wrapper{margin-left:0.5rem;}.frvIGn .FullSearchBar{padding-top:0.25rem;}} @media only screen and (min-width:768px){.frvIGn .legacy{padding:0.5rem 1rem;}.frvIGn .ShortSearchBar{display:-webkit-box;display:-webkit-flex;display:-ms-flexbox;display:flex;margin-right:auto;width:50vw;}.frvIGn .ShortSearchBar .search-input{color:#727272;font-size:0.95rem;font-weight:400;padding:0.25rem 0.75rem;border-radius:5px;}.frvIGn .ShortSearchBar .search-input.on-search{border-left:none;border-top-left-radius:0px;border-bottom-left-radius:0px;}.frvIGn .ShortSearchBar .search-input::-webkit-input-placeholder{font-size:0.9rem;}.frvIGn .ShortSearchBar .search-input::-moz-placeholder{font-size:0.9rem;}.frvIGn .ShortSearchBar .search-input:-ms-input-placeholder{font-size:0.9rem;}.frvIGn .ShortSearchBar .search-input::placeholder{font-size:0.9rem;}.frvIGn .ShortSearchBar .search-input:focus{border-color:#E6E8E7;}.frvIGn .ShortSearchBar .search-button{border-top-right-radius:5px;border-bottom-right-radius:5px;padding:0.15rem 0.5rem 0;display:-webkit-box;display:-webkit-flex;display:-ms-flexbox;display:flex;-webkit-align-items:center;-webkit-box-align:center;-ms-flex-align:center;align-items:center;-webkit-box-pack:start;-webkit-justify-content:flex-start;-ms-flex-pack:start;justify-content:flex-start;background-color:#00AFEF;color:#fff;font-weight:400;}.frvIGn .ShortSearchBar .search-button .search-icon{padding-right:0.5rem;}.frvIGn .ShortSearchBar .search-button .search-icon svg{height:15px;}.frvIGn .ShortSearchBar .search-button .search-icon svg path.path-selector{fill:#fff;}.frvIGn .FullSearchBar{display:none;}} @media only screen and (min-width:1024px){.frvIGn .honasa-logo-wrapper{margin-left:0;}.frvIGn .honasa-logo-wrapper img{max-width:130px;}.frvIGn .ShortSearchBar{width:45vw;}.frvIGn .ShortSearchBar .search-input{padding:0.375rem 0.75rem;font-size:0.9rem;}.frvIGn .ShortSearchBar .search-input::-webkit-input-placeholder{font-size:0.9rem;}.frvIGn .ShortSearchBar .search-input::-moz-placeholder{font-size:0.9rem;}.frvIGn .ShortSearchBar .search-input:-ms-input-placeholder{font-size:0.9rem;}.frvIGn .ShortSearchBar .search-input::placeholder{font-size:0.9rem;}.frvIGn .search-row{padding:0.5rem 7vw;}.frvIGn .categories-row{padding:0.5rem 7vw;border-top:1px solid #DCDCDC;box-shadow:0px 3px 6px #DCDCDC;}} @media only screen and (min-width:1200px){.frvIGn .honasa-logo-wrapper img{max-width:140px;}.frvIGn .ShortSearchBar{width:45vw;}.frvIGn .ShortSearchBar .search-button{padding:0 0.75rem;}.frvIGn .search-input{padding:0.5rem 1rem;}} .frvIGn .vip-logo{max-width:80px !important;} @media (min-width:800px){.frvIGn .vip-logo{max-width:100px !important;}} @media only screen and (min-width:1400px){.frvIGn .honasa-logo-wrapper img{max-width:150px;}.frvIGn .ShortSearchBar{width:40vw;}}
/* sc-component-id: sc-fMiknA */
.gNJijB{position:-webkit-sticky;position:sticky;top:0;z-index:99;background-color:#fff;width:100%;font-weight:500;}
/* sc-component-id: sc-global-4061919255 */
@font-face{font-family:'Open Sans';font-style:italic;font-weight:400;font-stretch:100%;font-display:swap;src:url(https://fonts.gstatic.com/s/opensans/v35/memtYaGs126MiZpBA-UFUIcVXSCEkx2cmqvXlWqWuU6FxZCJgg.woff2) format('woff2');unicode-range:U+0000-00FF,U+0131,U+0152-0153,U+02BB-02BC,U+02C6,U+02DA,U+02DC,U+0304,U+0308,U+0329,U+2000-206F,U+2074,U+20AC,U+2122,U+2191,U+2193,U+2212,U+2215,U+FEFF,U+FFFD;} @font-face{font-family:'Open Sans';font-style:italic;font-weight:500;font-stretch:100%;font-display:swap;src:url(https://fonts.gstatic.com/s/opensans/v35/memtYaGs126MiZpBA-UFUIcVXSCEkx2cmqvXlWqWuU6FxZCJgg.woff2) format('woff2');unicode-range:U+0000-00FF,U+0131,U+0152-0153,U+02BB-02BC,U+02C6,U+02DA,U+02DC,U+0304,U+0308,U+0329,U+2000-206F,U+2074,U+20AC,U+2122,U+2191,U+2193,U+2212,U+2215,U+FEFF,U+FFFD;} @font-face{font-family:'Open Sans';font-style:italic;font-weight:600;font-stretch:100%;font-display:swap;src:url(https://fonts.gstatic.com/s/opensans/v35/memtYaGs126MiZpBA-UFUIcVXSCEkx2cmqvXlWqWuU6FxZCJgg.woff2) format('woff2');unicode-range:U+0000-00FF,U+0131,U+0152-0153,U+02BB-02BC,U+02C6,U+02DA,U+02DC,U+0304,U+0308,U+0329,U+2000-206F,U+2074,U+20AC,U+2122,U+2191,U+2193,U+2212,U+2215,U+FEFF,U+FFFD;} @font-face{font-family:'Open Sans';font-style:normal;font-weight:400;font-stretch:100%;font-display:swap;src:url(https://fonts.gstatic.com/s/opensans/v35/memvYaGs126MiZpBA-UvWbX2vVnXBbObj2OVTS-mu0SC55I.woff2) format('woff2');unicode-range:U+0000-00FF,U+0131,U+0152-0153,U+02BB-02BC,U+02C6,U+02DA,U+02DC,U+0304,U+0308,U+0329,U+2000-206F,U+2074,U+20AC,U+2122,U+2191,U+2193,U+2212,U+2215,U+FEFF,U+FFFD;} @font-face{font-family:'Open Sans';font-style:normal;font-weight:500;font-stretch:100%;font-display:swap;src:url(https://fonts.gstatic.com/s/opensans/v35/memvYaGs126MiZpBA-UvWbX2vVnXBbObj2OVTS-mu0SC55I.woff2) format('woff2');unicode-range:U+0000-00FF,U+0131,U+0152-0153,U+02BB-02BC,U+02C6,U+02DA,U+02DC,U+0304,U+0308,U+0329,U+2000-206F,U+2074,U+20AC,U+2122,U+2191,U+2193,U+2212,U+2215,U+FEFF,U+FFFD;} @font-face{font-family:'Open Sans';font-style:normal;font-weight:600;font-stretch:100%;font-display:swap;src:url(https://fonts.gstatic.com/s/opensans/v35/memvYaGs126MiZpBA-UvWbX2vVnXBbObj2OVTS-mu0SC55I.woff2) format('woff2');unicode-range:U+0000-00FF,U+0131,U+0152-0153,U+02BB-02BC,U+02C6,U+02DA,U+02DC,U+0304,U+0308,U+0329,U+2000-206F,U+2074,U+20AC,U+2122,U+2191,U+2193,U+2212,U+2215,U+FEFF,U+FFFD;} @font-face{font-family:"Ionicons";src:url("https://cdnjs.cloudflare.com/ajax/libs/ionicons/2.0.1/fonts/ionicons.eot?v=2.0.0");src: url("https://cdnjs.cloudflare.com/ajax/libs/ionicons/2.0.1/fonts/ionicons.eot?v=2.0.0#iefix") format("embedded-opentype"), url("https://cdnjs.cloudflare.com/ajax/libs/ionicons/2.0.1/fonts/ionicons.ttf?v=2.0.0") format("truetype"), url("https://cdnjs.cloudflare.com/ajax/libs/ionicons/2.0.1/fonts/ionicons.woff?v=2.0.0") format("woff"), url("https://cdnjs.cloudflare.com/ajax/libs/ionicons/2.0.1/fonts/ionicons.svg?v=2.0.0#Ionicons") format("svg");font-weight:normal;font-style:normal;} body,div,iframe,ul,li,ol,i,svg,pre,del,button,input,select,textarea,p,span,h1,h2,h3,h4,h5,h6{font-family:'Open Sans',sans-serif;} .slick-slider{position:relative;display:block;box-sizing:border-box;-webkit-user-select:none;-moz-user-select:none;-ms-user-select:none;-webkit-user-select:none;-moz-user-select:none;-ms-user-select:none;user-select:none;-webkit-touch-callout:none;-khtml-user-select:none;-ms-touch-action:pan-y;touch-action:pan-y;-webkit-tap-highlight-color:transparent;} .slick-list{position:relative;display:block;overflow:hidden;margin:0;padding:0;} .slick-list:focus{outline:none;} .slick-list.dragging{cursor:pointer;cursor:hand;} .slick-slider .slick-track,.slick-slider .slick-list{-webkit-transform:translate3d(0,0,0);-moz-transform:translate3d(0,0,0);-ms-transform:translate3d(0,0,0);-o-transform:translate3d(0,0,0);-webkit-transform:translate3d(0,0,0);-ms-transform:translate3d(0,0,0);transform:translate3d(0,0,0);} .slick-track{position:relative;top:0;left:0;display:block;margin-left:auto;margin-right:auto;} .slick-track:before,.slick-track:after{display:table;content:"";} .slick-track:after{clear:both;} .slick-loading .slick-track{visibility:hidden;} .slick-slide{display:none;float:left;height:100%;min-height:1px;} [dir="rtl"] .slick-slide{float:right;} .slick-slide img{display:block;} .slick-slide.slick-loading img{display:none;} .slick-slide.dragging img{pointer-events:none;} .slick-initialized .slick-slide{display:block;} .slick-loading .slick-slide{visibility:hidden;} .slick-vertical .slick-slide{display:block;height:auto;border:1px solid transparent;} .slick-arrow.slick-hidden{display:none;} .slick-loading .slick-list{background:#fff url("./ajax-loader.gif") center center no-repeat;} .slick-prev,.slick-next{font-size:0;line-height:0;position:absolute;top:50%;display:block;width:20px;height:20px;padding:0;-webkit-transform:translate(0,-50%);-ms-transform:translate(0,-50%);-webkit-transform:translate(0,-50%);-ms-transform:translate(0,-50%);transform:translate(0,-50%);cursor:pointer;color:transparent;border:none;outline:none;background:transparent;} .slick-prev:hover,.slick-prev:focus,.slick-next:hover,.slick-next:focus{color:transparent;outline:none;background:transparent;} .slick-prev:hover:before,.slick-prev:focus:before,.slick-next:hover:before,.slick-next:focus:before{opacity:1;} .slick-prev.slick-disabled:before,.slick-next.slick-disabled:before{opacity:0.25;} .slick-prev:before,.slick-next:before{font-family:"slick";font-size:20px;line-height:1;opacity:0.75;color:white;-webkit-font-smoothing:antialiased;-moz-osx-font-smoothing:grayscale;} .slick-prev{left:-25px;} [dir="rtl"] .slick-prev{right:-25px;left:auto;} .slick-next{right:-25px;} [dir="rtl"] .slick-next{right:auto;left:-25px;} .slick-dotted.slick-slider{margin-bottom:30px;} .slick-dots{position:relative;display:block;width:100%;padding:0;margin:0 0 8px 0;list-style:none;text-align:center;} .slick-dots > li{width:20px;height:20px;margin:0 6px;} .slick-dots li{position:relative;display:inline-block;cursor:pointer;} .slick-dots li button{font-size:0;line-height:0;display:block;width:20px;height:20px;padding:5px;cursor:pointer;color:transparent;border:0;outline:none;background:transparent;} .slick-dots li button:hover,.slick-dots li button:focus{outline:none;} .slick-dots li button:hover:before,.slick-dots li button:focus:before{opacity:1;} .slick-dots li button:before{font-family:"slick";font-size:1.8rem;line-height:20px;position:absolute;top:0;left:0;width:auto;height:auto;content:"•";text-align:center;opacity:0.25;color:black;-webkit-font-smoothing:antialiased;-moz-osx-font-smoothing:grayscale;} .slick-dots li.slick-active button:before{opacity:0.9;color:black;} ul,h3{margin:0;} *{-webkit-tap-highlight-color:rgba(255,255,255,0);} img{border-style:none;max-width:100%;} ul{padding:0;list-style-type:none;} svg:not(:root){overflow:hidden;} code,kbd,pre,samp{font-family:monospace,monospace;font-size:1em;} figure{margin:0;} hr{box-sizing:content-box;height:0;overflow:visible;} button,input,select,textarea{border-style:none;font:inherit;} optgroup{font-weight:600;} button,input,select{overflow:visible;} button,input,select,textarea{margin:0;} button,select{text-transform:none;} button,[type="button"],[type="reset"],[type="submit"]{cursor:pointer;} [disabled]{cursor:default;} button,html [type="button"],[type="reset"],[type="submit"]{-webkit-appearance:none;outline:none;border:none;} button::-moz-focus-inner,input::-moz-focus-inner{border:0;padding:0;} button:-moz-focusring,input:-moz-focusring{outline:1px dotted;} fieldset{border:1px solid #c0c0c0;margin:0 2px;padding:0.35em 0.625em 0.75em;} legend{box-sizing:border-box;color:inherit;display:table;max-width:100%;padding:0;white-space:normal;} textarea{overflow:auto;} [type="checkbox"],[type="radio"]{box-sizing:border-box;padding:0;} [type="number"]::-webkit-inner-spin-button,[type="number"]::-webkit-outer-spin-button{height:auto;} [type="search"]{-webkit-appearance:textfield;} [type="search"]::-webkit-search-cancel-button,[type="search"]::-webkit-search-decoration{-webkit-appearance:none;} html{box-sizing:border-box;font-size:16px;} *,*:before,*:after{box-sizing:inherit;} audio,canvas,iframe,img,svg,video{vertical-align:middle;} a{-webkit-text-decoration:none;text-decoration:none;} .no-pad{padding:0!important;} html{box-sizing:border-box;font-size:14px;} @media (min-width:1000px){html{font-size:15px;}} @media (min-width:1400px){html{font-size:15.2px;}} @media (min-width:1600px){html{font-size:15.4px;}} @media (min-width:2000px){html{font-size:16px;}} *,*:before,*:after{box-sizing:inherit;} body{padding:0;margin:0;line-height:1.62;background-color:#fff;} body.noScroll{overflow:hidden;height:100vh !important;touch-action:none;} a{-webkit-user-select:none;-moz-user-select:none;-ms-user-select:none;user-select:none;-webkit-text-decoration:none;text-decoration:none;cursor:pointer;color:#727272;} a:hover{color:#727272;} button{background-color:transparent;} h4{font-size:0.8rem;margin:4px 0;} .hidden{visibility:hidden;} .padding-normal{padding:0 8%;} .accordion__body{display:block;padding:1rem;} .accordion__body--hidden{display:none;} .accordion__title{outline:none;cursor:pointer;} .accordion__title h3{margin:0;line-height:3rem;text-transform:uppercase;font-size:1rem;color:rgb(171,30,86);} .accordion__item:not(:last-child){border-bottom:1px solid #b3b3b3;} .cart-root{position:relative;z-index:10;} .login-root{position:relative;z-index:15;} .text-center{text-align:center;} .checkout-wrapper{padding:0 !important;} .woot-widget-bubble{display:none !important;} @media screen and (min-width:768px){.woot-widget-bubble{display:-webkit-box !important;display:-webkit-flex !important;display:-ms-flexbox !important;display:flex !important;}} .role-btn{cursor:pointer;} body{overflow-x:hidden;overflow-y:scroll;} .image-gallery-fullscreen-button::before,.image-gallery-play-button::before,.image-gallery-left-nav::before,.image-gallery-right-nav::before{display:inline-block;font-family:"Ionicons";speak:none;font-style:normal;font-weight:normal;font-variant:normal;text-transform:none;text-rendering:auto;line-height:1;-webkit-font-smoothing:antialiased;-moz-osx-font-smoothing:grayscale;} .image-gallery{-webkit-user-select:none;-moz-user-select:none;-ms-user-select:none;-o-user-select:none;-webkit-user-select:none;-moz-user-select:none;-ms-user-select:none;user-select:none;-webkit-tap-highlight-color:transparent;} .image-gallery.fullscreen-modal{background:#000;bottom:0;height:100%;left:0;position:fixed;right:0;top:0;width:100%;z-index:100;} .image-gallery.fullscreen-modal .image-gallery-content{top:50%;-webkit-transform:translateY(-50%);-ms-transform:translateY(-50%);transform:translateY(-50%);} .image-gallery-content{position:relative;line-height:0;top:0;} .image-gallery-content.fullscreen{background:#000;} .image-gallery-content.fullscreen .image-gallery-slide{background:#000;} .image-gallery-slide-wrapper{position:relative;} .image-gallery-slide-wrapper.left,.image-gallery-slide-wrapper.right{display:inline-block;width:calc(100% - 113px);} @media (max-width:768px){.image-gallery-slide-wrapper.left,.image-gallery-slide-wrapper.right{width:calc(100% - 84px);}} .image-gallery-slide-wrapper.image-gallery-rtl{direction:rtl;} .image-gallery-fullscreen-button,.image-gallery-play-button,.image-gallery-left-nav,.image-gallery-right-nav{-webkit-appearance:none;-moz-appearance:none;appearance:none;background-color:transparent;border:0;cursor:pointer;outline:none;position:absolute;z-index:4;} .image-gallery-fullscreen-button::before,.image-gallery-play-button::before,.image-gallery-left-nav::before,.image-gallery-right-nav::before{color:#fff;line-height:0.7;text-shadow:0 2px 2px #1a1a1a;-webkit-transition:color 0.2s ease-out;transition:color 0.2s ease-out;} .image-gallery-fullscreen-button:hover::before,.image-gallery-play-button:hover::before,.image-gallery-left-nav:hover::before,.image-gallery-right-nav:hover::before{color:#337ab7;} @media (max-width:768px){.image-gallery-fullscreen-button:hover::before,.image-gallery-play-button:hover::before,.image-gallery-left-nav:hover::before,.image-gallery-right-nav:hover::before{color:#fff;}} .image-gallery-fullscreen-button,.image-gallery-play-button{bottom:0;} .image-gallery-fullscreen-button::before,.image-gallery-play-button::before{font-size:2.7em;padding:15px 20px;text-shadow:0 1px 1px #1a1a1a;} @media (max-width:768px){.image-gallery-fullscreen-button::before,.image-gallery-play-button::before{font-size:2.4em;}} @media (max-width:480px){.image-gallery-fullscreen-button::before,.image-gallery-play-button::before{font-size:2em;}} .image-gallery-fullscreen-button:hover::before,.image-gallery-play-button:hover::before{color:#fff;-webkit-transform:scale(1.1);-ms-transform:scale(1.1);transform:scale(1.1);} @media (max-width:768px){.image-gallery-fullscreen-button:hover::before,.image-gallery-play-button:hover::before{-webkit-transform:none;-ms-transform:none;transform:none;}} .image-gallery-fullscreen-button{right:0;} .image-gallery-fullscreen-button::before{content:"";} .image-gallery-fullscreen-button.active::before{content:"";} .image-gallery-fullscreen-button.active:hover::before{-webkit-transform:scale(0.9);-ms-transform:scale(0.9);transform:scale(0.9);} .image-gallery-play-button{left:0;} .image-gallery-play-button::before{content:"";} .image-gallery-play-button.active::before{content:"";} .image-gallery-left-nav,.image-gallery-right-nav{color:#fff;font-size:5em;padding:50px 15px;top:50%;-webkit-transform:translateY(-50%);-ms-transform:translateY(-50%);transform:translateY(-50%);} .image-gallery-left-nav[disabled],.image-gallery-right-nav[disabled]{cursor:disabled;opacity:0.6;pointer-events:none;} @media (max-width:768px){.image-gallery-left-nav,.image-gallery-right-nav{font-size:3.4em;padding:20px 15px;}} @media (max-width:480px){.image-gallery-left-nav,.image-gallery-right-nav{font-size:2.4em;padding:0 15px;}} .image-gallery-left-nav{left:0;} .image-gallery-left-nav::before{content:"";} .image-gallery-right-nav{right:0;} .image-gallery-right-nav::before{content:"";} .image-gallery-slides{line-height:0;overflow:hidden;position:relative;white-space:nowrap;} .image-gallery-slide{background:#fff;left:0;position:absolute;top:0;width:100%;} .image-gallery-slide.center{position:relative;} .image-gallery-slide img{width:100%;} .image-gallery-slide .image-gallery-description{background:rgba(0,0,0,0.4);bottom:70px;color:#fff;left:0;line-height:1;padding:10px 20px;position:absolute;white-space:normal;} @media (max-width:768px){.image-gallery-slide .image-gallery-description{bottom:45px;font-size:0.8em;padding:8px 15px;}} .image-gallery-bullets{bottom:20px;left:0;margin:0 auto;position:absolute;right:0;width:80%;z-index:4;} .image-gallery-bullets .image-gallery-bullets-container{margin:0;padding:0;text-align:center;} .image-gallery-bullets .image-gallery-bullet{-webkit-appearance:none;-moz-appearance:none;appearance:none;background-color:transparent;border:1px solid #fff;border-radius:50%;box-shadow:0 1px 0 #1a1a1a;cursor:pointer;display:inline-block;margin:0 5px;outline:none;padding:5px;} @media (max-width:768px){.image-gallery-bullets .image-gallery-bullet{margin:0 3px;padding:3px;}} @media (max-width:480px){.image-gallery-bullets .image-gallery-bullet{padding:2.7px;}} .image-gallery-bullets .image-gallery-bullet.active{background:#fff;} .image-gallery-thumbnails-wrapper{position:relative;} .image-gallery-thumbnails-wrapper.thumbnails-wrapper-rtl{direction:rtl;} .image-gallery-thumbnails-wrapper.left,.image-gallery-thumbnails-wrapper.right{display:inline-block;vertical-align:top;width:108px;} @media (max-width:768px){.image-gallery-thumbnails-wrapper.left,.image-gallery-thumbnails-wrapper.right{width:81px;}} .image-gallery-thumbnails-wrapper.left .image-gallery-thumbnails,.image-gallery-thumbnails-wrapper.right .image-gallery-thumbnails{height:100%;width:100%;left:0;padding:0;position:absolute;top:0;} .image-gallery-thumbnails-wrapper.left .image-gallery-thumbnails .image-gallery-thumbnail,.image-gallery-thumbnails-wrapper.right .image-gallery-thumbnails .image-gallery-thumbnail{display:block;margin-right:0;padding:0;} .image-gallery-thumbnails-wrapper.left .image-gallery-thumbnails .image-gallery-thumbnail + .image-gallery-thumbnail,.image-gallery-thumbnails-wrapper.right .image-gallery-thumbnails .image-gallery-thumbnail + .image-gallery-thumbnail{margin-left:0;} .image-gallery-thumbnails-wrapper.left{margin-right:5px;} @media (max-width:768px){.image-gallery-thumbnails-wrapper.left{margin-right:3px;}} .image-gallery-thumbnails-wrapper.right{margin-left:5px;} @media (max-width:768px){.image-gallery-thumbnails-wrapper.right{margin-left:3px;}} .image-gallery-thumbnails{overflow:hidden;padding:5px 0;} @media (max-width:768px){.image-gallery-thumbnails{padding:3px 0;}} .image-gallery-thumbnails .image-gallery-thumbnails-container{cursor:pointer;text-align:center;-webkit-transition:-webkit-transform 0.45s ease-out;-webkit-transition:transform 0.45s ease-out;transition:transform 0.45s ease-out;white-space:nowrap;} .image-gallery-thumbnail{display:inline-block;border:4px solid transparent;-webkit-transition:border 0.3s ease-out;transition:border 0.3s ease-out;width:100px;} @media (max-width:768px){.image-gallery-thumbnail{border:3px solid transparent;width:75px;}} .image-gallery-thumbnail + .image-gallery-thumbnail{margin-left:2px;} .image-gallery-thumbnail .image-gallery-thumbnail-inner{position:relative;} .image-gallery-thumbnail img{vertical-align:middle;width:100%;} .image-gallery-thumbnail.active{border:2px solid #337ab7;} @media (max-width:768px){.image-gallery-thumbnail.active{border:1px solid #337ab7;}} .image-gallery-thumbnail-label{box-sizing:border-box;color:white;font-size:1em;left:0;line-height:1em;padding:5%;position:absolute;top:50%;text-shadow:1px 1px 0 black;-webkit-transform:translateY(-50%);-ms-transform:translateY(-50%);transform:translateY(-50%);white-space:normal;width:100%;} @media (max-width:768px){.image-gallery-thumbnail-label{font-size:0.8em;line-height:0.8em;}} .image-gallery-index{background:rgba(0,0,0,0.4);color:#fff;line-height:1;padding:10px 20px;position:absolute;right:0;top:0;z-index:4;} .image-gallery-image{display:block;-webkit-box-pack:center;-webkit-justify-content:center;-ms-flex-pack:center;justify-content:center;} .image-gallery-image img{max-width:80vmin;} @media (max-width:768px){.image-gallery-index{font-size:0.8em;padding:5px 10px;}} .ais-SearchBox{display:-webkit-box;display:-webkit-flex;display:-ms-flexbox;display:flex;-webkit-box-pack:center;-webkit-justify-content:center;-ms-flex-pack:center;justify-content:center;margin:1rem 0;} .ais-SearchBox input{height:50px;outline:none;font-size:1.2rem;} .widget-ratings,.widget-container{position:unset !important;} ul.how-use-list{display:-webkit-box;display:-webkit-flex;display:-ms-flexbox;display:flex;-webkit-flex:1 1 25%;-ms-flex:1 1 25%;flex:1 1 25%;} ul.how-use-list li{width:100%;padding-left:15px;padding-right:15px;color:#777;} ul.how-use-list li h2{display:block;margin-bottom:10px !important;margin-top:20px !important;border:0;padding-bottom:0px;} ul.how-use-list li span.how-use-content{font-size:0.9rem;line-height:1.2rem;} ul.how-use-list li img{max-width:100%;width:100%;} ul.woodmart-list{display:-webkit-box;display:-webkit-flex;display:-ms-flexbox;display:flex;-webkit-flex-direction:row;-ms-flex-direction:row;flex-direction:row;-webkit-flex-wrap:wrap;-ms-flex-wrap:wrap;flex-wrap:wrap;} ul.woodmart-list li{width:100%;max-width:100%;-webkit-flex:1 1 50%;-ms-flex:1 1 50%;flex:1 1 50%;padding-bottom:10px;padding-top:10px;font-size:15.2px;line-height:1.4;} @media (max-width:768px){ul.woodmart-list li{font-size:14px;font-size:clamp(14px,3.89vw,22px);}} ul.woodmart-list li .list-icon{width:100px;display:inline-block;vertical-align:middle;} ul.woodmart-list li .list-content{max-width:calc(100% - 106px);display:inline-block;vertical-align:middle;text-align:left;padding-left:10px;color:#1D1D1D;} ul.result-list{display:-webkit-box;display:-webkit-flex;display:-ms-flexbox;display:flex;-webkit-flex-direction:row;-ms-flex-direction:row;flex-direction:row;} ul.result-list li{-webkit-flex:1 1 30%;-ms-flex:1 1 30%;flex:1 1 30%;padding:0px 45px 0px 45px;} ul.result-list li img{width:100%;margin-bottom:0px;} ul.result-list li .result-content{width:100%;padding-top:15px;display:block;font-size:1rem;color:#1D1D1D;} @media (max-width:768px){ul.result-list li .result-content{font-size:14px;font-size:clamp(14px,3.89vw,22px);}} @media (max-width:500px){.result-content{width:90%;padding-top:15px;display:-webkit-box;display:-webkit-flex;display:-ms-flexbox;display:flex;font-size:100pxrem;color:#777;}ul.how-use-list{-webkit-flex-wrap:wrap;-ms-flex-wrap:wrap;flex-wrap:wrap;}ul.how-use-list li{margin-bottom:1rem;}} ul.compare-list{display:-webkit-box;display:-webkit-flex;display:-ms-flexbox;display:flex;-webkit-align-items:flex-start;-webkit-box-align:flex-start;-ms-flex-align:flex-start;align-items:flex-start;} ul.compare-list li{-webkit-flex:1 1 50%;-ms-flex:1 1 50%;flex:1 1 50%;display:-webkit-box;display:-webkit-flex;display:-ms-flexbox;display:flex;-webkit-align-content:center;-ms-flex-line-pack:center;align-content:center;-webkit-align-items:top;-webkit-box-align:top;-ms-flex-align:top;align-items:top;} ul.compare-list li img{border:1px solid green;} ul.compare-list li .compare-content{padding-left:20px;color:#777;font-size:12px;line-height:1.2rem;} @media (max-width:768px){ul.compare-list li .compare-content{font-size:clamp(12px,3.34vw,20px);}} ul.compare-list li .compare-content li{padding-bottom:10px;} textarea{width:100%;color:#1D1D1D;border:#A3A3A3 solid 1px;height:10rem;padding:0.5rem;}
/* sc-component-id: sc-dVhcbM */
.kFxzFt{text-align:justify;} .kFxzFt .title{background-color:#F2F2F2;padding:20.5px 82px 20px 100px;} @media only screen and (max-width:767px){.kFxzFt .title{text-align:justify;padding:10px 1rem 6px 1rem;}}
/* sc-component-id: sc-eqIVtm */
.bIQpdm .wzrk-overlay{background-color:rgba(0,0,0,0.15);position:fixed;left:0;right:0;top:0;bottom:0;z-index:10000;} .bIQpdm .wzrk-hidden{display:none;} .bIQpdm .wzrk-alert{background-color:#fbfbfb;border:1px solid #f0f0f0;font-family:Arial,sans-serif;width:346px;padding:15px 15px 5px;border-radius:6px;text-align:center;position:fixed;right:20px;top:20px;margin-left:0;margin-top:0;overflow:hidden;z-index:99999;} @media screen and (max-width:540px){.bIQpdm .wzrk-alert{width:auto;margin:auto 0;top:35%;left:15px;right:15px;}} .bIQpdm .wzrk-alert-heading{color:#606060;font-size:20px;width:250px;-webkit-animation:none;animation:none;text-align:center;font-weight:600;margin:0 auto 10px;display:block;} .bIQpdm .wzrk-alert-body{color:#939393;font-size:14px;font-weight:300;-webkit-animation:none;animation:none;margin-bottom:10px;} .bIQpdm .wzrk-button-container button{background-color:#dbdbdb;color:#fff;border:none !important;box-shadow:none !important;min-width:130px;font-size:14px;-webkit-animation:none;animation:none;font-weight:100;border-radius:3px;padding:8px 10px;margin:0 7px;cursor:pointer;} .bIQpdm .wzrk-alert button:focus{outline:0;} .bIQpdm .wzrk-alert button:active{background:#5dc241;} .bIQpdm .wzrk-alert button.confirm{background-color:#f28046;} .bIQpdm .wzrk-button-container button.cancel{background-color:#dbdbdb;color:#7c7c7c;} .bIQpdm .wzrk-button-container button.cancel:hover{background-color:#d7d7d7;} .bIQpdm .wzrk-powered{font-family:Arial,sans-serif;font-size:9px;color:#777;-webkit-animation:none;animation:none;margin-top:12px;margin-right:2px;text-align:center;} .bIQpdm .wzrk-powered img{display:inline-block;-webkit-animation:none;animation:none;margin-bottom:-2px;} @-webkit-keyframes showWizAlert{.bIQpdm 0%{-webkit-transform:scale(0.7);-ms-transform:scale(0.7);transform:scale(0.7);-webkit-transform:scale(0.7);}.bIQpdm 45%{-webkit-transform:scale(1.05);-ms-transform:scale(1.05);transform:scale(1.05);-webkit-transform:scale(1.05);}.bIQpdm 80%{-webkit-transform:scale(0.95);-ms-transform:scale(0.95);transform:scale(0.95);-webkit-transform:scale(0.95);}.bIQpdm 100%{-webkit-transform:scale(1);-ms-transform:scale(1);transform:scale(1);-webkit-transform:scale(1);}} @-webkit-keyframes hideWizAlert{.bIQpdm 0%{-webkit-transform:scale(1);-ms-transform:scale(1);transform:scale(1);-webkit-transform:scale(1);}.bIQpdm 100%{-webkit-transform:scale(0.5);-ms-transform:scale(0.5);transform:scale(0.5);-webkit-transform:scale(0.5);}} .bIQpdm .wiz-show-animate{-webkit-animation:showWizAlert 0.3s;animation:showWizAlert 0.3s;} .bIQpdm .wiz-hide-animate{-webkit-animation:hideWizAlert 0.2s;animation:hideWizAlert 0.2s;}
/* sc-component-id: sc-kLIISr */
.diEAfE{width:100%;position:relative;} .diEAfE .product-slider{width:100%;min-height:100%;overflow:hidden;margin:auto;} .diEAfE .slides{display:-webkit-box;display:-webkit-flex;display:-ms-flexbox;display:flex;-webkit-flex-direction:row;-ms-flex-direction:row;flex-direction:row;width:100%;-webkit-transform:translateX(-100%);-ms-transform:translateX(-100%);transform:translateX(-100%);} .diEAfE .slides .search-cards{width:100%;} .diEAfE .product-card-slide-mobile{display:-webkit-box;display:-webkit-flex;display:-ms-flexbox;display:flex;-webkit-flex-direction:row;-ms-flex-direction:row;flex-direction:row;max-width:100vw;max-height:900px;-webkit-flex:0 0 100vw;-ms-flex:0 0 100vw;flex:0 0 100vw;-webkit-flex-wrap:wrap;-ms-flex-wrap:wrap;flex-wrap:wrap;} .diEAfE .product-card-slide-mobile .product-search-card{width:50%;padding:5px;} .diEAfE .product-card-slide-desktop{display:-webkit-box;display:-webkit-flex;display:-ms-flexbox;display:flex;-webkit-flex-direction:row;-ms-flex-direction:row;flex-direction:row;-webkit-flex:1 0 100%;-ms-flex:1 0 100%;flex:1 0 100%;width:inherit;} .diEAfE .product-card-slide-desktop .product-search-card{width:NaN%;padding:5px;margin:auto;} .diEAfE .banner-slide-mobile{display:-webkit-box;display:-webkit-flex;display:-ms-flexbox;display:flex;-webkit-flex-direction:row;-ms-flex-direction:row;flex-direction:row;width:100%;-webkit-flex:1 0 100%;-ms-flex:1 0 100%;flex:1 0 100%;-webkit-flex-wrap:wrap;-ms-flex-wrap:wrap;flex-wrap:wrap;} .diEAfE .banner-slide-desktop{display:-webkit-box;display:-webkit-flex;display:-ms-flexbox;display:flex;-webkit-flex-direction:row;-ms-flex-direction:row;flex-direction:row;-webkit-flex:1 0 100%;-ms-flex:1 0 100%;flex:1 0 100%;width:100%;} .diEAfE .banner-slide-desktop .banner-image{width:100%;} .diEAfE .prev,.diEAfE .next{position:absolute;top:42%;background-color:rgba(255,255,255,0.5);padding:10px;cursor:pointer;background-color:transparent;} .diEAfE .prev .icon,.diEAfE .next .icon{width:48px;height:48px;} .diEAfE .prev{left:0px;} .diEAfE .next{right:0px;} .diEAfE .slider-indicator{display:-webkit-box;display:-webkit-flex;display:-ms-flexbox;display:flex;-webkit-flex-direction:row;-ms-flex-direction:row;flex-direction:row;-webkit-box-pack:center;-webkit-justify-content:center;-ms-flex-pack:center;justify-content:center;-webkit-align-items:center;-webkit-box-align:center;-ms-flex-align:center;align-items:center;gap:20px;min-height:20px;margin-top:10px;} .diEAfE .slider-indicator .dot{background:rgba(0,0,0,0.2);height:8px;width:8px;border-radius:8px;} .diEAfE .slider-indicator .dot.active{background:rgba(0,0,0);} .diEAfE .slider-indicator .slider-icon-left,.diEAfE .slider-indicator .slider-icon-right{font-size:22px;color:#9d9d9d;}
/* sc-component-id: sc-qrIAp */
.gIoMzF{min-height:320px;} .gIoMzF .banner-image-container{position:relative;width:inherit;height:auto;} .gIoMzF .banner-image{width:100%;} .gIoMzF .single-banner-image{width:100%;height:auto;}
/* sc-component-id: sc-iGPElx */
.hZUZoY{display:-webkit-box;display:-webkit-flex;display:-ms-flexbox;display:flex;-webkit-flex-direction:column;-ms-flex-direction:column;flex-direction:column;padding:16px 0;}
/* sc-component-id: sc-kasBVs */
.hrAefs{display:-webkit-box;display:-webkit-flex;display:-ms-flexbox;display:flex;padding:0 16px;-webkit-box-pack:justify;-webkit-justify-content:space-between;-ms-flex-pack:justify;justify-content:space-between;-webkit-align-items:center;-webkit-box-align:center;-ms-flex-align:center;align-items:center;width:100%;}
/* sc-component-id: sc-hgHYgh */
.lhUvSj{font-weight:700;font-size:14px;font-size:clamp(14px,3.89vw,22px);}
/* sc-component-id: sc-eInJlc */
.igQUvj{font-weight:700;font-size:16px;font-size:clamp(16px,4.45vw,26px);}
/* sc-component-id: sc-gtfDJT */
.hIpCAS{display:-webkit-box;display:-webkit-flex;display:-ms-flexbox;display:flex;padding:0 16px;gap:2rem;-webkit-flex-direction:column;-ms-flex-direction:column;flex-direction:column;margin-top:24px;color:#000000;}
/* sc-component-id: sc-fOICqy */
.hAoWED{display:-webkit-box;display:-webkit-flex;display:-ms-flexbox;display:flex;font-size:16px;font-size:clamp(16px,4.45vw,26px);font-weight:700;line-height:21.79px;-webkit-box-pack:justify;-webkit-justify-content:space-between;-ms-flex-pack:justify;justify-content:space-between;}
/* sc-component-id: sc-hzDEsm */
.iereau{display:grid;grid-template-columns:1fr 1fr;row-gap:1rem;}
/* sc-component-id: sc-jeCdPy */
.fhqHop{font-size:12px;font-size:clamp(12px,3.34vw,20px);font-weight:700;line-height:16.34px;margin-bottom:20px;}
/* sc-component-id: sc-jtRlXQ */
.dBkqxL{font-size:12px;font-size:clamp(12px,3.34vw,20px);font-weight:400;line-height:16.34px;margin-bottom:16px;}
/* sc-component-id: sc-bGbJRg */
.jZRdHD{--height:1px;--color:#E4E7EC;width:100%;border-bottom:var(--height) solid var(--color);} @media only screen and (min-width:768px){}.hWvWML{--height:10px;--color:#EBF5E0;width:100%;border-bottom:var(--height) solid var(--color);} @media only screen and (min-width:768px){.hWvWML{display:none;}}
/* sc-component-id: sc-bEjcJn */
.bzuWvM{display:-webkit-box;display:-webkit-flex;display:-ms-flexbox;display:flex;-webkit-flex-direction:column;-ms-flex-direction:column;flex-direction:column;padding:24px 16px;gap:24px;}
/* sc-component-id: sc-ePZHVD */
.gLPpKf{display:-webkit-box;display:-webkit-flex;display:-ms-flexbox;display:flex;gap:1rem;-webkit-flex-direction:column;-ms-flex-direction:column;flex-direction:column;}
/* sc-component-id: sc-likbZx */
.cUfJyD{font-size:16px;font-size:clamp(16px,4.45vw,26px);font-weight:700;line-height:20px;text-align:left;}
/* sc-component-id: sc-eKZiaR */
.vyvkO{display:-webkit-box;display:-webkit-flex;display:-ms-flexbox;display:flex;-webkit-box-pack:justify;-webkit-justify-content:space-between;-ms-flex-pack:justify;justify-content:space-between;}
/* sc-component-id: sc-drMfKT */
.jzxHgm{display:-webkit-box;display:-webkit-flex;display:-ms-flexbox;display:flex;-webkit-box-pack:justify;-webkit-justify-content:space-between;-ms-flex-pack:justify;justify-content:space-between;}
/* sc-component-id: sc-fgfRvd */
.cvbkex{display:-webkit-box;display:-webkit-flex;display:-ms-flexbox;display:flex;-webkit-align-items:center;-webkit-box-align:center;-ms-flex-align:center;align-items:center;-webkit-flex-direction:column;-ms-flex-direction:column;flex-direction:column;gap:8px;}
/* sc-component-id: sc-hIVACf */
.clrADg{font-size:10px;font-size:clamp(10px,2.78vw,15px);font-weight:400;line-height:13.62px;text-align:center;}
/* sc-component-id: sc-gpHHfC */
.cHQwCb{display:-webkit-box;display:-webkit-flex;display:-ms-flexbox;display:flex;-webkit-box-pack:justify;-webkit-justify-content:space-between;-ms-flex-pack:justify;justify-content:space-between;}
/* sc-component-id: sc-gVyKpa */
.jnHJwN{display:-webkit-box;display:-webkit-flex;display:-ms-flexbox;display:flex;-webkit-flex-direction:column;-ms-flex-direction:column;flex-direction:column;-webkit-box-pack:justify;-webkit-justify-content:space-between;-ms-flex-pack:justify;justify-content:space-between;-webkit-align-items:center;-webkit-box-align:center;-ms-flex-align:center;align-items:center;gap:8px;}
/* sc-component-id: sc-eXNvrr */
.fwjWSA{font-size:12px;font-size:clamp(12px,3.34vw,20px);font-weight:400;line-height:16.34px;-webkit-letter-spacing:0.08169934898614883px;-moz-letter-spacing:0.08169934898614883px;-ms-letter-spacing:0.08169934898614883px;letter-spacing:0.08169934898614883px;text-align:center;}
/* sc-component-id: sc-cpmKsF */
.ekXIav{display:-webkit-box;display:-webkit-flex;display:-ms-flexbox;display:flex;gap:16px;}
/* sc-component-id: sc-kQsIoO */
.gEaynE{width:24px;height:24px;}
/* sc-component-id: sc-gPzReC */
.eIbdNi{font-size:12px;font-size:clamp(12px,3.34vw,20px);font-weight:400;line-height:24px;color:#a3a3a3;}
/* sc-component-id: sc-jrIrqw */
.jyFaYP{background-color:rgb(242,242,242);padding:8px 16px 0 16px;}
/* sc-component-id: sc-hjRWVT */
.kfhLOi{margin-top:24px;}
/* sc-component-id: sc-kXeGPI */
.fpnVMo{color:#3d3d3d;font-weight:400;text-transform:uppercase;}
/* sc-component-id: sc-fyjhYU */
.fFXvpP{color:#3d3d3d;font-weight:400;text-transform:uppercase;color:#000000;font-size:16px;line-height:1.4em;text-transform:revert;font-weight:600;} @media only screen and (min-width:768px){.fFXvpP{font-size:1.2rem;line-height:1.6em;color:#3d3d3d;}}
/* sc-component-id: sc-ugnQR */
.knjjXY{text-transform:uppercase;font-size:16px;font-weight:600;color:#00AFEF;border:1px solid #01a8e6;border-radius:5px;padding:0.5rem 1.5rem;} .knjjXY:hover{color:#ffffff;background-color:#00AFEF;} @media only screen and (min-width:1024px){.knjjXY{font-size:1.1rem;padding:0.5rem 3rem;}}
/* sc-component-id: sc-eTpRJs */
.hkpAxW{padding:2rem;text-align:center;display:grid;grid-row-gap:1rem;place-items:center;} @media only screen and (min-width:768px){.hkpAxW{border-top:1px solid #eaeaea;}.hkpAxW .force-break{display:none;}} @media only screen and (min-width:1024px){.hkpAxW{-webkit-flex:1;-ms-flex:1;flex:1;border-top:0;}}
/* sc-component-id: sc-iomxrj */
.gwTIyB{display:-webkit-box;display:-webkit-flex;display:-ms-flexbox;display:flex;-webkit-flex-direction:column;-ms-flex-direction:column;flex-direction:column;-webkit-align-items:center;-webkit-box-align:center;-ms-flex-align:center;align-items:center;margin-top:1rem;margin-bottom:1rem;padding:0 1rem;text-align:center;font-size:0.9rem;-webkit-box-pack:center;-webkit-justify-content:center;-ms-flex-pack:center;justify-content:center;font-weight:600;} @media only screen and (min-width:768px){.gwTIyB{-webkit-align-items:center;-webkit-box-align:center;-ms-flex-align:center;align-items:center;margin-bottom:0;padding:0;margin-left:4rem;}} @media only screen and (min-width:1200px){.gwTIyB{-webkit-align-items:flex-start;-webkit-box-align:flex-start;-ms-flex-align:flex-start;align-items:flex-start;margin-top:0;padding:1rem;padding-left:0;-webkit-flex:1;-ms-flex:1;flex:1;margin-left:4rem;}}
/* sc-component-id: sc-iFMziU */
.iasKrl{display:-webkit-box;display:-webkit-flex;display:-ms-flexbox;display:flex;-webkit-flex-direction:column;-ms-flex-direction:column;flex-direction:column;-webkit-align-items:center;-webkit-box-align:center;-ms-flex-align:center;align-items:center;margin-top:1.5rem;} .iasKrl p{margin:0;font-weight:600;} .iasKrl img{margin-top:0.5rem;width:3rem;}
/* sc-component-id: sc-keVrkP */
.crPAgK .img-payment{width:100%;} @media only screen and (min-width:768px){.crPAgK .assurance-message{color:#65a006;font-size:0.95rem;font-weight:400;line-height:1.4em;margin-top:0.5rem;}.crPAgK .assurance-message img{width:1.25rem;height:1.4rem;margin-right:0.5rem;}}
/* sc-component-id: sc-gVLVqr */
.dYbquT{display:-webkit-box;display:-webkit-flex;display:-ms-flexbox;display:flex;-webkit-flex-direction:column;-ms-flex-direction:column;flex-direction:column;-webkit-box-pack:center;-webkit-justify-content:center;-ms-flex-pack:center;justify-content:center;-webkit-align-items:center;-webkit-box-align:center;-ms-flex-align:center;align-items:center;} @media only screen and (min-width:360px){.dYbquT{-webkit-flex-direction:row;-ms-flex-direction:row;flex-direction:row;-webkit-box-pack:start;-webkit-justify-content:flex-start;-ms-flex-pack:start;justify-content:flex-start;}} @media only screen and (min-width:411px){.dYbquT{padding-left:1rem;}} @media only screen and (min-width:768px){.dYbquT{-webkit-flex-direction:column;-ms-flex-direction:column;flex-direction:column;-webkit-box-pack:center;-webkit-justify-content:center;-ms-flex-pack:center;justify-content:center;padding:1rem 0;text-align:center;}.dYbquT:not(:last-child){border-right:1px solid #EAEAEA;}} @media only screen and (min-width:1024px){.dYbquT:nth-child(n + 3){display:none;}}
/* sc-component-id: sc-cBdUnI */
.bWOcVq{margin-top:0.5rem;text-align:center;} .bWOcVq h3{color:black;font-size:0.9rem;font-weight:600;line-height:1.4em;} .bWOcVq p{color:#838383;font-size:0.8rem;font-weight:400;line-height:1.4em;white-space:nowrap;margin:0;} .bWOcVq p.desktop-subtitle{display:none;} @media only screen and (min-width:360px){.bWOcVq{margin-top:0;margin-left:0.5rem;text-align:revert;}} @media only screen and (min-width:375px){.bWOcVq h3{font-size:0.9rem;}} @media only screen and (min-width:768px){.bWOcVq{margin-top:1rem;margin-left:0px;}.bWOcVq h3{color:#3d3d3d;font-weight:600;}.bWOcVq p{margin-top:0.5rem;}.bWOcVq p.mobile-subtitle{display:none;}.bWOcVq p.desktop-subtitle{display:revert;}}
/* sc-component-id: sc-exkUMo */
.cJESVi{display:-webkit-box;display:-webkit-flex;display:-ms-flexbox;display:flex;-webkit-box-pack:center;-webkit-justify-content:center;-ms-flex-pack:center;justify-content:center;-webkit-align-items:center;-webkit-box-align:center;-ms-flex-align:center;align-items:center;width:40px;height:40px;border-radius:50%;} @media only screen and (min-width:768px){.cJESVi{width:unset;height:unset;border:0px;}}
/* sc-component-id: sc-kcDeIU */
.eTUHiT{background-color:#f8f8f8;padding:1rem;display:grid;grid-template-columns:1fr 1fr;grid-gap:1rem;-webkit-box-pack:center;-webkit-justify-content:center;-ms-flex-pack:center;justify-content:center;-webkit-align-items:flex-start;-webkit-box-align:flex-start;-ms-flex-align:flex-start;align-items:flex-start;} @media only screen and (min-width:360px){.eTUHiT{grid-template-columns:1fr 1fr;-webkit-box-pack:center;-webkit-justify-content:center;-ms-flex-pack:center;justify-content:center;-webkit-align-items:center;-webkit-box-align:center;-ms-flex-align:center;align-items:center;}} @media only screen and (min-width:768px){.eTUHiT{background-color:unset;padding:0 2rem;grid-template-columns:repeat(4,1fr);grid-gap:revert;-webkit-align-items:stretch;-webkit-box-align:stretch;-ms-flex-align:stretch;align-items:stretch;}} @media only screen and (min-width:1024px){.eTUHiT{-webkit-flex:1;-ms-flex:1;flex:1;grid-template-columns:repeat(2,1fr);}}
/* sc-component-id: sc-BngTV */
.fUwRLw a{font-size:20px;padding-left:0.5rem;padding-right:0.5rem;} .fUwRLw a i{color:#989898;} .fUwRLw .socialEmailIcon{cursor:pointer;} @media only screen and (min-width:768px){.fUwRLw a{font-size:2rem;padding-left:0.25em;padding-right:0.5em;}}
/* sc-component-id: sc-bFADNz */
.kFPfPO{max-width:4%;display:inline-block;}
/* sc-component-id: sc-cqpYsc */
.gjuQOL{margin-top:8px;}
/* sc-component-id: sc-hBbWxd */
.bgLKMH{display:-webkit-box;display:-webkit-flex;display:-ms-flexbox;display:flex;-webkit-flex-direction:column;-ms-flex-direction:column;flex-direction:column;margin-left:16px;}
/* sc-component-id: sc-dyGzUR */
.hEZysm{color:#000000;font-size:14px;margin-top:2px;margin-bottom:10px;margin-left:24px;}
/* sc-component-id: sc-drKuOJ */
.gTIbkM{display:-webkit-box;display:-webkit-flex;display:-ms-flexbox;display:flex;-webkit-flex-direction:column;-ms-flex-direction:column;flex-direction:column;}
/* sc-component-id: sc-gRnDUn */
.dXDher{max-width:6%;display:inline-block;margin-top:8px;}
/* sc-component-id: sc-cmjSyW */
.eztjTj{color:#747474;font-size:14px;font-weight:600;margin-bottom:8px;margin-top:8px;}
/* sc-component-id: sc-sdtwF */
.jhncOw{padding:8px 16px 0px 16px;display:-webkit-box;display:-webkit-flex;display:-ms-flexbox;display:flex;-webkit-flex-direction:column;-ms-flex-direction:column;flex-direction:column;} .jhncOw i svg{color:#00afef;}
/* sc-component-id: sc-iYUSvU */
.cCQpCZ{display:-webkit-box;display:-webkit-flex;display:-ms-flexbox;display:flex;-webkit-flex-direction:column;-ms-flex-direction:column;flex-direction:column;}
/* sc-component-id: sc-cHSUfg */
.gNXurx{position:relative;background:white;} .gNXurx .Footer__nav,.gNXurx .Footer__nav img{display:none;} .gNXurx .Footer__nav .best-brand-image{display:none;} .gNXurx .copyrightSocialContainer{-webkit-align-items:center;-webkit-box-align:center;-ms-flex-align:center;align-items:center;text-align:center;} .gNXurx .copyrightSocialContainer .social-container{padding-top:1rem;margin-bottom:17px;} @media only screen and (max-width:420px){.gNXurx .copyrightSocialContainer .social-container{margin-bottom:22px;}} .gNXurx .copyrightSocialContainer .app-icons-wrap{display:-webkit-box;display:-webkit-flex;display:-ms-flexbox;display:flex;-webkit-flex-direction:row;-ms-flex-direction:row;flex-direction:row;-webkit-box-pack:center;-webkit-justify-content:center;-ms-flex-pack:center;justify-content:center;margin:20px 10px 0px 20px;} .gNXurx .copyrightSocialContainer .store-image{margin-right:10px;} .gNXurx .for-desktop{display:none;} @media only screen and (min-width:768px){.gNXurx{margin:0rem 6rem;}.gNXurx .for-mobile{display:none;}.gNXurx .for-desktop{display:initial;}.gNXurx .content-wrapper{border-top:1px solid #EAEAEA;}.gNXurx .payment-certifications-container{border-top:1px solid #EAEAEA;-webkit-box-pack:justify;-webkit-justify-content:space-between;-ms-flex-pack:justify;justify-content:space-between;width:100%;}.gNXurx .payment-certifications-container > div{width:50%;}.gNXurx .Footer__nav{margin-top:1rem;display:-webkit-box;display:-webkit-flex;display:-ms-flexbox;display:flex;-webkit-box-pack:justify;-webkit-justify-content:space-between;-ms-flex-pack:justify;justify-content:space-between;font-size:15px;padding:1rem 4rem 1rem;border-top:1px solid #EAEAEA;}.gNXurx .Footer__nav .links-container{-webkit-flex:1 0 auto;-ms-flex:1 0 auto;flex:1 0 auto;}.gNXurx .Footer__nav li{margin-top:15px;}.gNXurx .Footer__nav .links-col a{font-weight:300;font-size:1rem;line-height:1.4em;}.gNXurx .Footer__nav .links-col a:hover{color:#027DAC;}.gNXurx .Footer__nav .links-col a:active{background:rgb(0,119,163);}.gNXurx .copyrightSocialContainer{-webkit-align-items:center;-webkit-box-align:center;-ms-flex-align:center;align-items:center;}.gNXurx .copyrightSocialContainer .social-container{text-align:center;padding:1rem 0;border-top:1px solid #EAEAEA;border-bottom:1px solid #EAEAEA;}.gNXurx .copyrightSocialContainer .social-container .sc-kXeGPI{display:block;}.gNXurx .copyrightSocialContainer .social-container span.heart-icon{color:#F04438;vertical-align:text-bottom;margin:0 0.25rem;}.gNXurx .copyrightSocialContainer .mobile-policy-links{display:none;}.gNXurx .copyrightSocialContainer .copyright-container{text-align:center;padding:1rem 0;font-weight:400;}.gNXurx .gap{display:none;}.gNXurx .mobile-Footer__nav{display:none;}} @media only screen and (min-width:1024px){.gNXurx{padding:1rem 1rem 1.5rem;}.gNXurx .content-wrapper{border:1px solid #EAEAEA;}.gNXurx .Footer__nav .links-container .best-brand-image{display:revert;width:150px;height:255px;}.gNXurx .Footer__nav .links-container .store-image{display:revert;margin-right:10px;}.gNXurx .features-contact-us-container{display:-webkit-box;display:-webkit-flex;display:-ms-flexbox;display:flex;}} @media only screen and (min-width:1200px){.gNXurx{padding:1rem 1rem 1.5rem;}.gNXurx .payment-certifications-container{width:100%;-webkit-flex-direction:row;-ms-flex-direction:row;flex-direction:row;}.gNXurx .Footer__nav{margin-top:0;}.gNXurx .hide-desktop{display:none;}}.bqCEsE{position:relative;background:white;} .bqCEsE .Footer__nav,.bqCEsE .Footer__nav img{display:none;} .bqCEsE .Footer__nav .best-brand-image{display:none;} .bqCEsE .copyrightSocialContainer{-webkit-align-items:center;-webkit-box-align:center;-ms-flex-align:center;align-items:center;text-align:center;} .bqCEsE .copyrightSocialContainer .social-container{padding-top:1rem;margin-bottom:17px;} @media only screen and (max-width:420px){} .bqCEsE .copyrightSocialContainer .app-icons-wrap{display:-webkit-box;display:-webkit-flex;display:-ms-flexbox;display:flex;-webkit-flex-direction:row;-ms-flex-direction:row;flex-direction:row;-webkit-box-pack:center;-webkit-justify-content:center;-ms-flex-pack:center;justify-content:center;margin:20px 10px 0px 20px;} .bqCEsE .copyrightSocialContainer .store-image{margin-right:10px;} .bqCEsE .for-desktop{display:none;} @media only screen and (min-width:768px){.bqCEsE{margin:0rem 6rem;}.bqCEsE .for-mobile{display:none;}.bqCEsE .for-desktop{display:initial;}.bqCEsE .content-wrapper{border-top:1px solid #EAEAEA;}.bqCEsE .payment-certifications-container{border-top:1px solid #EAEAEA;-webkit-box-pack:justify;-webkit-justify-content:space-between;-ms-flex-pack:justify;justify-content:space-between;width:100%;}.bqCEsE .payment-certifications-container > div{width:50%;}.bqCEsE .Footer__nav{margin-top:1rem;display:-webkit-box;display:-webkit-flex;display:-ms-flexbox;display:flex;-webkit-box-pack:justify;-webkit-justify-content:space-between;-ms-flex-pack:justify;justify-content:space-between;font-size:15px;padding:1rem 4rem 1rem;border-top:1px solid #EAEAEA;}.bqCEsE .Footer__nav .links-container{-webkit-flex:1 0 auto;-ms-flex:1 0 auto;flex:1 0 auto;}.bqCEsE .Footer__nav li{margin-top:15px;}.bqCEsE .Footer__nav .links-col a{font-weight:300;font-size:1rem;line-height:1.4em;}.bqCEsE .Footer__nav .links-col a:hover{color:#027DAC;}.bqCEsE .Footer__nav .links-col a:active{background:rgb(0,119,163);}.bqCEsE .copyrightSocialContainer{-webkit-align-items:center;-webkit-box-align:center;-ms-flex-align:center;align-items:center;}.bqCEsE .copyrightSocialContainer .social-container{text-align:center;padding:1rem 0;border-top:1px solid #EAEAEA;border-bottom:1px solid #EAEAEA;}.bqCEsE .copyrightSocialContainer .social-container .sc-kXeGPI{display:block;}.bqCEsE .copyrightSocialContainer .social-container span.heart-icon{color:#F04438;vertical-align:text-bottom;margin:0 0.25rem;}.bqCEsE .copyrightSocialContainer .mobile-policy-links{display:none;}.bqCEsE .copyrightSocialContainer .copyright-container{text-align:center;padding:1rem 0;font-weight:400;}.bqCEsE .gap{display:none;}.bqCEsE .mobile-Footer__nav{display:none;}} @media only screen and (min-width:1024px){.bqCEsE{padding:1rem 1rem 1.5rem;}.bqCEsE .content-wrapper{border:1px solid #EAEAEA;}.bqCEsE .Footer__nav .links-container .best-brand-image{display:revert;width:150px;height:255px;}.bqCEsE .Footer__nav .links-container .store-image{display:revert;margin-right:10px;}.bqCEsE .features-contact-us-container{display:-webkit-box;display:-webkit-flex;display:-ms-flexbox;display:flex;}} @media only screen and (min-width:1200px){.bqCEsE{padding:1rem 1rem 1.5rem;}.bqCEsE .payment-certifications-container{width:100%;-webkit-flex-direction:row;-ms-flex-direction:row;flex-direction:row;}.bqCEsE .Footer__nav{margin-top:0;}.bqCEsE .hide-desktop{display:none;}}
/* sc-component-id: sc-dRaagA */
.csjswO .homepage-component{padding:0px;} @media screen and (min-width:1200px){.csjswO .homepage-component{padding:0px 8vw;}} @media screen and (min-width:1600px){.csjswO .homepage-component{padding:0px 12vw;}}</style><script defer="">
    function uuidv4() {
        return ([1e7]+-1e3+-4e3+-8e3+-1e11).replace(/[018]/g, c =>
        (c ^ crypto.getRandomValues(new Uint8Array(1))[0] & 15 >> c / 4).toString(16));
    }
    
    let webId = window.localStorage.getItem('device_id')
    if(!webId){
        webId = uuidv4();
        window.localStorage.setItem('device_id', JSON.stringify(webId));
        window.localStorage.setItem('setDeviceIdOnAB',JSON.stringify(true));
    }
    webId = webId && webId.replace(/"/g, '');
    document.cookie = "deviceId=" + webId + "; max-age=31536000; path=/";
    
    brandId = '1'
    const response = fetch(
        'https://cdp-nd-api.honasa-production.net' + '/v1/experiment/' + brandId + '/' + webId, {
        method: 'GET',
        headers: {
            'username': 'hui_personalization_cust360',
            'password': 'sjbshcbjbh2bk2jupeddated3hd89h8hd3h983d'
        }
    })

    let mefe = {};
    let experiments = [];
   let variants = [];
   let experimentIds='';
   let variantIds='';

    response.then((response) => {
        response.json().then((experimentData) => {
            if (typeof window !== 'undefined') {
                window._me_fe_ = {}
                window.cdp_ab_exp=experimentData;

                experimentData.forEach(exp => {
                    window._me_fe_[exp.flag.key] = exp.flag.value;
                    let flagKey = exp?.flag?.key;
                    let flagVal = exp?.flag?.value;
                  if(flagKey){
                    mefe = mefe || {};
                   mefe[flagKey] = flagVal;
                     } 
                 if(exp?.experimentId){
                    experiments.push(exp?.experimentId)
                  }
                if(exp?.variantId){
                     variants.push(exp?.variantId);
                  }
                })
                // window.localStorage.setItem('_me_fe_', JSON.stringify(window._me_fe_));
                experimentIds = experiments && experiments?.join?.(",");
                variantIds = variants && variants?.join?.(",");
                let cdpExp = {
                    variants:mefe,
                    experimentIds,
                    variantIds,
                    device_id:webId
                }
                window.cdp_ab_exp=cdpExp;
                window.localStorage.setItem('cdp_ab_exp', JSON.stringify(cdpExp));
                window.dispatchEvent(
                    new StorageEvent('storage', { key : 'cdp_ab_exp', newValue: JSON.stringify(cdpExp), storageArea: localStorage })
                );
                if(typeof window !== "undefined" && window.dataLayer && cdp_ab_exp && cdp_ab_exp?.device_id){
                    dataLayer.push({
                        event:'pageview_custom',
                        experiment_id:cdp_ab_exp?.experimentIds ,
                        device_id: cdp_ab_exp?.device_id,
                        variant_id: cdp_ab_exp?.variantIds,
                        type:'page_load'
                      })
                    }
            }
        })
    })
    .catch((error)=>{
        window.localStorage.setItem('cdp_ab_exp', JSON.stringify({"variants": {},"experimentIds": "","variantIds": "","device_id": webId}));
    })</script><script defer="">
      
      window.dataLayer = [];
      dataLayer.push({
        originalLocation: document.location.protocol + '//' +
          document.location.hostname +
          document.location.pathname +
          document.location.search,
        isServerless: true
      })</script><script>
						(function(w,d,s,l,i){w[l]=w[l]||[];w[l].push({'gtm.start':
						new Date().getTime(),event:'gtm.js'});var f=d.getElementsByTagName(s)[0],
						j=d.createElement(s),dl=l!='dataLayer'?'&l='+l:'';j.async=true;j.defer=true;j.src=
						'https://www.googletagmanager.com/gtm.js?id='+i+dl;f.parentNode.insertBefore(j,f);
						})(window,document,'script','dataLayer','GTM-NRTJCK6');
					</script><link rel="preconnect" href="https://fonts.gstatic.com" crossorigin /><noscript data-n-css=""></noscript><script defer="" nomodule="" src="https://assets.mamaearth.in/_next/static/chunks/polyfills-c67a75d1b6f99dc8.js"></script><script src="https://assets.mamaearth.in/config/clarity/clarity.js" defer="" data-nscript="beforeInteractive"></script><script src="https://assets.mamaearth.in/config/newrelic/newrelic.js" defer="" data-nscript="beforeInteractive"></script><script defer="" src="https://assets.mamaearth.in/_next/static/chunks/4074.55792360a4456cda.js"></script><script src="https://assets.mamaearth.in/_next/static/chunks/webpack-6cda88de23cdba37.js" defer=""></script><script src="https://assets.mamaearth.in/_next/static/chunks/framework-0e97196476b5bb89.js" defer=""></script><script src="https://assets.mamaearth.in/_next/static/chunks/main-d4e7798a7145f175.js" defer=""></script><script src="https://assets.mamaearth.in/_next/static/chunks/pages/_app-60aa28250407884b.js" defer=""></script><script src="https://assets.mamaearth.in/_next/static/chunks/3082-a5778bd0be7ab4ba.js" defer=""></script><script src="https://assets.mamaearth.in/_next/static/chunks/7605-12c01d4104016615.js" defer=""></script><script src="https://assets.mamaearth.in/_next/static/chunks/2249-c9c09a67ae3bfbb4.js" defer=""></script><script src="https://assets.mamaearth.in/_next/static/chunks/9667-e2919a637181b77f.js" defer=""></script><script src="https://assets.mamaearth.in/_next/static/chunks/4337-9c9ee77fccfe26c8.js" defer=""></script><script src="https://assets.mamaearth.in/_next/static/chunks/pages/index-b82aa3b5d8998826.js" defer=""></script><script src="https://assets.mamaearth.in/_next/static/BnTey7CLDP3jx-cqr09h4/_buildManifest.js" defer=""></script><script src="https://assets.mamaearth.in/_next/static/BnTey7CLDP3jx-cqr09h4/_ssgManifest.js" defer=""></script><style data-href="https://fonts.googleapis.com/css2?family=Cookie&display=swap">@font-face{font-family:'Cookie';font-style:normal;font-weight:400;font-display:swap;src:url(https://fonts.gstatic.com/s/cookie/v21/syky-y18lb0tSbfNlg.woff) format('woff')}@font-face{font-family:'Cookie';font-style:normal;font-weight:400;font-display:swap;src:url(https://fonts.gstatic.com/s/cookie/v21/syky-y18lb0tSbf9kgqS1NDNpg.woff2) format('woff2');unicode-range:U+0000-00FF,U+0131,U+0152-0153,U+02BB-02BC,U+02C6,U+02DA,U+02DC,U+0304,U+0308,U+0329,U+2000-206F,U+20AC,U+2122,U+2191,U+2193,U+2212,U+2215,U+FEFF,U+FFFD}</style></head><body style="height:100%"><noscript><iframe title="gtm" src="https://www.googletagmanager.com/ns.html?id=GTM-NRTJCK6" height="0" width="0" style="display:none;visibility:hidden"></iframe></noscript><div id="cart-root"></div><div id="login-root"></div><div id="item-root"></div><div id="__next" data-reactroot=""><div class="sc-bxivhb hLFsOk"><div class="sc-htpNat iWTeof"><ul class="sc-bdVaJa ioJazy"><li class="sc-bwzfXH uTxCW"><a href="/were-safe-2">Asia&#x27;s 1st Brand with MADE SAFE Certified Products</a></li><li class="sc-bwzfXH uTxCW"><div><a class="link-color" href="/omg">OMG Sale Ends in Few Hours  | Buy 1 Get 1 FREE | Use Coupon: OMG | Shop Now </a></div></li></ul></div></div><div class="sc-fMiknA gNJijB"><div class="sc-fBuWsC fDAPdj"><div><div class="legacy search-row"><div class="sc-dxgOiQ kjjfRj sc-ckVGcZ foYhJp"><i><svg xmlns="http://www.w3.org/2000/svg" width="29.872" height="25.061" viewBox="0 0 29.872 25.061" data-locator-target="vscode" style="fill:#00AFEF"><g fill="transparent" stroke="transparent"><path stroke="none" d="M0 0h29.872v25.061H0z"></path><path fill="none" d="M.5.5h28.872v24.061H.5z"></path></g><g transform="translate(-10.75 -80.053)"><rect class="menu_bar path-selector" width="19.872" height="1.673" rx="0.837" transform="translate(15.75 98.44)"></rect><rect class="menu_bar path-selector" width="19.872" height="1.673" rx="0.837" transform="translate(15.75 85.053)"></rect><rect class="menu_bar path-selector" width="15.898" height="1.673" rx="0.837" transform="translate(15.75 91.746)"></rect></g></svg></i></div><div class="honasa-logo-wrapper"><img alt="logo" class="logo" src="https://images.mamaearth.in/wysiwyg/mamaearth-logo.png?format=auto&amp;fit=scale" fetchPriority="low"/></div><img class="gif" src="https://images.mamaearth.in/svg/gi-home-button.svg" height="36px" width="auto" alt="Become-Gi"/><div class="flex"><div class="sc-csuQGl eFcMpM"><div class="sc-gipzik rabRH cart-trigger"><div class="sc-jlyJG cUlkfO cart-icon-container"><i class="cart-icon"><svg id="shopping_cart_black_24dp" xmlns="http://www.w3.org/2000/svg" width="24" height="24" viewBox="0 0 24 24"><path id="Path_17357" data-name="Path 17357" d="M0,0H24V24H0Z" fill="none"></path><path id="Path_17358" data-name="Path 17358" d="M15.55,13a1.991,1.991,0,0,0,1.75-1.03l3.58-6.49A1,1,0,0,0,20.01,4H5.21L4.27,2H1V4H3l3.6,7.59L5.25,14.03A2,2,0,0,0,7,17H19V15H7l1.1-2ZM6.16,6H18.31l-2.76,5H8.53ZM7,18a2,2,0,1,0,2,2A2,2,0,0,0,7,18Zm10,0a2,2,0,1,0,2,2A2,2,0,0,0,17,18Z" fill="#00AFEF"></path></svg></i></div><div class="name-label">Cart</div></div></div><div><div class="sc-eNQAEJ jIQBHB user-account-trigger"><div class="sc-jKJlTe fNXInk"><div class="hide-1024"><div class="sc-dxgOiQ kjjfRj sc-ckVGcZ foYhJp"><i><svg width="14.514" height="17.355" viewBox="0 0 14.514 17.355" class="user-account-icon"><defs><style>.user_account{stroke:currentcolor}</style></defs><path d="M7.257 8.222A3.861 3.861 0 103.4 4.361a3.861 3.861 0 003.857 3.861zM9.96 10.1h-.5a5.251 5.251 0 01-4.4 0h-.5A4.055 4.055 0 00.5 14.152v1.255a1.448 1.448 0 001.448 1.448h10.618a1.448 1.448 0 001.448-1.448v-1.255A4.055 4.055 0 009.96 10.1z" fill="none" class="user_account path-selector"></path></svg></i></div></div><i class="display-1024"><svg width="14.514" height="17.355" viewBox="0 0 14.514 17.355"><defs><style>.user_account{stroke:currentcolor}</style></defs><path d="M7.257 8.222A3.861 3.861 0 103.4 4.361a3.861 3.861 0 003.857 3.861zM9.96 10.1h-.5a5.251 5.251 0 01-4.4 0h-.5A4.055 4.055 0 00.5 14.152v1.255a1.448 1.448 0 001.448 1.448h10.618a1.448 1.448 0 001.448-1.448v-1.255A4.055 4.055 0 009.96 10.1z" fill="none" class="user_account path-selector"></path></svg></i></div><div class="name-label">Login</div></div></div></div></div><nav class="sc-jWBwVP jHYDpL categories-row"><ul class="mainMenu"><li class="category"><a class="active" href="/">Home</a></li><li class="category"><a class="" href="/product-category/skin">Face</a><div class="sc-cvbbAY hKeYYH mega-dropdown"><div class="sc-hSdWYo cDdDBS"><div class="sc-iAyFgw rGWGI">Explore</div><a class="sc-kkGfuU bIYdbO" href="/product-category/new-launches">New Launches</a><a class="sc-kkGfuU bIYdbO" href="/product-category/best-seller">Best Sellers</a><a class="sc-kkGfuU bIYdbO" href="/product-category/combos">Combos</a><a class="sc-kkGfuU bIYdbO" href="/product-category/gift-packs">Gift Packs</a></div><div class="sc-hSdWYo cDdDBS"><a class="sc-kEYyzF gUZPhp" href="/product-category/skin">Face</a><a class="sc-kkGfuU bIYdbO" href="/product-category/face-wash">Face Wash</a><a class="sc-kkGfuU bIYdbO" href="/product-category/sunscreen">Sunscreen</a><a class="sc-kkGfuU bIYdbO" href="/product-category/face-serum">Face Serum</a><a class="sc-kkGfuU bIYdbO" href="/product-category/face-cream">Face Cream</a><a class="sc-kkGfuU bIYdbO" href="/product-category/face-moisturizer">Face Moisturizer</a><a class="sc-kkGfuU bIYdbO" href="/product-category/face-mask">Face Mask</a><a class="sc-kkGfuU bIYdbO" href="/product-category/facial-kits">Facial Kits</a><a class="sc-kkGfuU bIYdbO" href="/product-category/face-scrub">Face Scrub</a><a class="sc-kkGfuU bIYdbO" href="/product-category/skin">See All</a></div><div class="sc-eHgmQL gqBEfi"><a class="view-all-link" href="/product-category/skin">See All</a></div></div></li><li class="category"><a class="" href="/product-category/hair">Hair</a><div class="sc-cvbbAY hKeYYH mega-dropdown"><div class="sc-hSdWYo cDdDBS"><div class="sc-iAyFgw rGWGI">Explore</div><a class="sc-kkGfuU bIYdbO" href="/product-category/new-launches">New Launches</a><a class="sc-kkGfuU bIYdbO" href="/product-category/best-seller">Best Sellers</a><a class="sc-kkGfuU bIYdbO" href="/product-category/combos">Combos</a><a class="sc-kkGfuU bIYdbO" href="/product-category/gift-packs">Gift Packs</a></div><div class="sc-hSdWYo cDdDBS"><a class="sc-kEYyzF gUZPhp" href="/product-category/hair">Hair</a><a class="sc-kkGfuU bIYdbO" href="/product-category/hair-shampoo">Shampoo</a><a class="sc-kkGfuU bIYdbO" href="/product-category/hair-oil">Hair Oil</a><a class="sc-kkGfuU bIYdbO" href="/product-category/hair-conditioner">Conditioner</a><a class="sc-kkGfuU bIYdbO" href="/product-category/hair-serum">Hair Serum</a><a class="sc-kkGfuU bIYdbO" href="/product-category/hair-mask">Hair Mask</a><a class="sc-kkGfuU bIYdbO" href="/product-category/hair">See All</a></div><div class="sc-eHgmQL gqBEfi"><a class="view-all-link" href="/product-category/hair">See All</a></div></div></li><li class="category"><a class="" href="/product-category/makeup-products">Makeup</a><div class="sc-cvbbAY hKeYYH mega-dropdown"><div class="sc-hSdWYo cDdDBS"><div class="sc-iAyFgw rGWGI">Explore</div><a class="sc-kkGfuU bIYdbO" href="/product-category/new-launches">New Launches</a><a class="sc-kkGfuU bIYdbO" href="/product-category/best-seller">Best Sellers</a><a class="sc-kkGfuU bIYdbO" href="/product-category/combos">Combos</a><a class="sc-kkGfuU bIYdbO" href="/product-category/gift-packs">Gift Packs</a></div><div class="sc-hSdWYo cDdDBS"><a class="sc-kEYyzF gUZPhp" href="/product-category/makeup-products">Makeup</a><a class="sc-kkGfuU bIYdbO" href="/product-category/lipsticks">Lipsticks</a><a class="sc-kkGfuU bIYdbO" href="/product-category/foundation">Foundation</a><a class="sc-kkGfuU bIYdbO" href="/product-category/eye-kajal">Kajal</a><a class="sc-kkGfuU bIYdbO" href="/product-category/compact-powder">Compact</a><a class="sc-kkGfuU bIYdbO" href="/product-category/lip-balm">Lip Balm</a><a class="sc-kkGfuU bIYdbO" href="/product-category/concealer">Concealer</a><a class="sc-kkGfuU bIYdbO" href="/product-category/makeup-products">See All</a></div><div class="sc-eHgmQL gqBEfi"><a class="view-all-link" href="/product-category/makeup-products">See All</a></div></div></li><li class="category"><a class="" href="/product-category/body">Body</a><div class="sc-cvbbAY hKeYYH mega-dropdown"><div class="sc-hSdWYo cDdDBS"><div class="sc-iAyFgw rGWGI">Explore</div><a class="sc-kkGfuU bIYdbO" href="/product-category/new-launches">New Launches</a><a class="sc-kkGfuU bIYdbO" href="/product-category/best-seller">Best Sellers</a><a class="sc-kkGfuU bIYdbO" href="/product-category/combos">Combos</a><a class="sc-kkGfuU bIYdbO" href="/product-category/gift-packs">Gift Packs</a></div><div class="sc-hSdWYo cDdDBS"><a class="sc-kEYyzF gUZPhp" href="/product-category/body">Body</a><a class="sc-kkGfuU bIYdbO" href="/product-category/body-lotion">Body Lotion</a><a class="sc-kkGfuU bIYdbO" href="/product-category/bathing-soap">Soap</a><a class="sc-kkGfuU bIYdbO" href="/product-category/body-wash">Body Wash</a><a class="sc-kkGfuU bIYdbO" href="/product-category/body">See All</a></div><div class="sc-eHgmQL gqBEfi"><a class="view-all-link" href="/product-category/body">See All</a></div></div></li><li class="category"><a class="" href="/product-category/for-babies">Baby</a><div class="sc-cvbbAY hKeYYH mega-dropdown"><div class="sc-hSdWYo cDdDBS"><div class="sc-iAyFgw rGWGI">Explore</div><a class="sc-kkGfuU bIYdbO" href="/product-category/new-launches">New Launches</a><a class="sc-kkGfuU bIYdbO" href="/product-category/best-seller">Best Sellers</a><a class="sc-kkGfuU bIYdbO" href="/product-category/combos">Combos</a><a class="sc-kkGfuU bIYdbO" href="/product-category/gift-packs">Gift Packs</a></div><div class="sc-hSdWYo cDdDBS"><a class="sc-kEYyzF gUZPhp" href="/product-category/for-babies">Baby</a><a class="sc-kkGfuU bIYdbO" href="/product-category/baby-shampoo">Baby Shampoo</a><a class="sc-kkGfuU bIYdbO" href="/product-category/baby-skin">Baby Wash</a><a class="sc-kkGfuU bIYdbO" href="/product-category/baby-body-lotion">Baby Body Lotion</a><a class="sc-kkGfuU bIYdbO" href="/product-category/baby-soap">Baby Soap</a><a class="sc-kkGfuU bIYdbO" href="/product-category/baby-oil">Baby Oil</a><a class="sc-kkGfuU bIYdbO" href="/product-category/for-babies">See All</a></div><div class="sc-eHgmQL gqBEfi"><a class="view-all-link" href="/product-category/for-babies">See All</a></div></div></li><li class="category"><a class="" href="/product-category/combos">Combos</a><div class="sc-cvbbAY hKeYYH mega-dropdown"><div class="sc-hSdWYo cDdDBS"><div class="sc-iAyFgw rGWGI">Explore</div><a class="sc-kkGfuU bIYdbO" href="/product-category/new-launches">New Launches</a><a class="sc-kkGfuU bIYdbO" href="/product-category/best-seller">Best Sellers</a><a class="sc-kkGfuU bIYdbO" href="/product-category/combos">Combos</a><a class="sc-kkGfuU bIYdbO" href="/product-category/gift-packs">Gift Packs</a></div><div class="sc-hSdWYo cDdDBS"><a class="sc-kEYyzF gUZPhp" href="/product-category/combos">Combos</a><a class="sc-kkGfuU bIYdbO" href="/product-category/combos">Combos</a><a class="sc-kkGfuU bIYdbO" href="/product-category/gift-packs">Kits</a></div><div class="sc-eHgmQL gqBEfi"><a class="view-all-link" href="/product-category/combos">See All</a></div></div></li><li class="category"><a class="" href="/product-category/new-launches">New Launches</a></li><li class="category"><a class="" href="/product-category/ingredient">Ingredient</a><div class="sc-cvbbAY hKeYYH mega-dropdown"><div class="sc-hSdWYo cDdDBS"><div class="sc-iAyFgw rGWGI">Explore</div><a class="sc-kkGfuU bIYdbO" href="/product-category/new-launches">New Launches</a><a class="sc-kkGfuU bIYdbO" href="/product-category/best-seller">Best Sellers</a><a class="sc-kkGfuU bIYdbO" href="/product-category/combos">Combos</a><a class="sc-kkGfuU bIYdbO" href="/product-category/gift-packs">Gift Packs</a></div><div class="sc-hSdWYo cDdDBS"><a class="sc-kEYyzF gUZPhp" href="/product-category/ingredient">Ingredient</a><a class="sc-kkGfuU bIYdbO" href="/product-category/vitamin-c">Vitamin C</a><a class="sc-kkGfuU bIYdbO" href="/product-category/onion-products">Onion</a><a class="sc-kkGfuU bIYdbO" href="/product-category/ubtan">Ubtan</a><a class="sc-kkGfuU bIYdbO" href="/product-category/rosemary-range">Rosemary</a><a class="sc-kkGfuU bIYdbO" href="/product-category/rice-range">Rice</a><a class="sc-kkGfuU bIYdbO" href="/product-category/beetroot">Beetroot</a><a class="sc-kkGfuU bIYdbO" href="/product-category/aloe-vera-range">Aloe Vera</a><a class="sc-kkGfuU bIYdbO" href="/product-category/tea-tree-range">Tea Tree</a><a class="sc-kkGfuU bIYdbO" href="/product-category/multani">Multani Mitti</a><a class="sc-kkGfuU bIYdbO" href="/product-category/hibiscus">Hibiscus</a><a class="sc-kkGfuU bIYdbO" href="/product-category/charcoal-range">Charcoal</a><a class="sc-kkGfuU bIYdbO" href="/product-category/bhringamla">Bhringamla</a><a class="sc-kkGfuU bIYdbO" href="/product-category/honey-malai">Honey Malai</a><a class="sc-kkGfuU bIYdbO" href="/product-category/ingredient">See All</a></div><div class="sc-eHgmQL gqBEfi"><a class="view-all-link" href="/product-category/ingredient">See All</a></div></div></li><li class="category"><a class="" href="/shop">All Products</a></li><li class="category"><a href="https://mamaearth.in/blog/">Blog</a></li><li class="category"><a class="" href="/plant">Plant Goodness</a></li><li class="category"><a class="" href="/mamaearth-store">Store Locator</a></li></ul></nav></div></div></div><div><img width="999" height="999" style="pointer-events:none;position:absolute;top:0;left:0;width:99vw;height:50vh;max-width:99vw;max-height:50vh" src="data:image/svg+xml;base64,PD94bWwgdmVyc2lvbj0iMS4wIiBlbmNvZGluZz0iVVRGLTgiPz48c3ZnIHdpZHRoPSI5OTk5OXB4IiBoZWlnaHQ9Ijk5OTk5cHgiIHZpZXdCb3g9IjAgMCA5OTk5OSA5OTk5OSIgdmVyc2lvbj0iMS4xIiB4bWxucz0iaHR0cDovL3d3dy53My5vcmcvMjAwMC9zdmciIHhtbG5zOnhsaW5rPSJodHRwOi8vd3d3LnczLm9yZy8xOTk5L3hsaW5rIj48ZyBzdHJva2U9Im5vbmUiIGZpbGw9Im5vbmUiIGZpbGwtb3BhY2l0eT0iMCI+PHJlY3QgeD0iMCIgeT0iMCIgd2lkdGg9Ijk5OTk5IiBoZWlnaHQ9Ijk5OTk5Ij48L3JlY3Q+IDwvZz4gPC9zdmc+" alt="lcp-optimiser"/></div><div></div><div class="sc-dRaagA csjswO"><div class="sc-qrIAp gIoMzF banner-slider-wrapper"><div class="sc-kLIISr diEAfE"><div class="product-slider"><div class="slides" id="slides"><div class="banner-slide-desktop"><link rel="preload" fetchpriority="high" as="image" src="https://st-images.honasa.in/Website_1c9c7e8d21.jpg?format=auto&amp;width=&amp;qualilty=" type="image/jpeg"/><div class="banner-image-container"><img loading="lazy" title="" alt="Rosemary Range" src="" class="banner-image" fetchpriority="high" id="banner-image"/></div></div><div class="banner-slide-desktop"><link rel="preload" fetchpriority="high" as="image" src="https://st-images.honasa.in/Website_generic_Gif_23c235a963.gif?width=&amp;qualilty=" type="image/jpeg"/><div class="banner-image-container"><img loading="eager" title="OMG | WEB HP1 GIF" alt="OMG" src="https://st-images.honasa.in/Website_generic_Gif_23c235a963.gif?width=&amp;qualilty=" class="banner-image" fetchpriority="high" id="banner-image"/></div></div><div class="banner-slide-desktop"><link rel="preload" fetchpriority="high" as="image" src="https://st-images.honasa.in/1920_X512_copy_2_374bb8fb41.jpg?format=auto&amp;width=&amp;qualilty=" type="image/jpeg"/><div class="banner-image-container"><img loading="lazy" title="" alt="Summer Essentials" src="" class="banner-image" fetchpriority="high" id="banner-image"/></div></div><div class="banner-slide-desktop"><link rel="preload" fetchpriority="high" as="image" src="https://st-images.honasa.in/1920_X512_214f38e926.jpg?format=auto&amp;width=&amp;qualilty=" type="image/jpeg"/><div class="banner-image-container"><img loading="lazy" title="" alt="Baby" src="" class="banner-image" fetchpriority="high" id="banner-image"/></div></div><div class="banner-slide-desktop"><link rel="preload" fetchpriority="high" as="image" src="https://st-images.honasa.in/1920_X512_0e4955c3b3.jpg?format=auto&amp;width=&amp;qualilty=" type="image/jpeg"/><div class="banner-image-container"><img loading="lazy" title="" alt="Face Wash" src="" class="banner-image" fetchpriority="high" id="banner-image"/></div></div><div class="banner-slide-desktop"><link rel="preload" fetchpriority="high" as="image" src="https://st-images.honasa.in/Website_1c9c7e8d21.jpg?format=auto&amp;width=&amp;qualilty=" type="image/jpeg"/><div class="banner-image-container"><img loading="lazy" title="" alt="Rosemary Range" src="" class="banner-image" fetchpriority="high" id="banner-image"/></div></div><div class="banner-slide-desktop"><link rel="preload" fetchpriority="high" as="image" src="https://st-images.honasa.in/Website_generic_Gif_23c235a963.gif?width=&amp;qualilty=" type="image/jpeg"/><div class="banner-image-container"><img loading="lazy" title="OMG | WEB HP1 GIF" alt="OMG" src="" class="banner-image" fetchpriority="high" id="banner-image"/></div></div></div></div><div class="sc-dliRfk gThRmc slider-indicator"><button class="prev"><link rel="preload" fetchpriority="high" as="image" src="https://images.mamaearth.in/svg/chevron-left-white.svg"/><img src="https://images.mamaearth.in/svg/chevron-left-white.svg" alt="Prev" class="icon"/></button><button class="next"><link rel="preload" fetchpriority="high" as="image" src="https://images.mamaearth.in/svg/chevron-right-white.svg"/><img src="https://images.mamaearth.in/svg/chevron-right-white.svg" alt="Next" class="icon"/></button></div></div></div><div class="homepage-component"><div class="lazyload-wrapper "><div class="lazyload-placeholder"></div></div><div class="lazyload-wrapper "><div class="lazyload-placeholder"></div></div><div class="lazyload-wrapper " style="min-height:300px"><div style="width:100%;margin-top:2rem" class="sc-htpNat edrZqW"><svg aria-labelledby="placeholder-home-page-aria" role="img" width="300" height="160" viewBox="0 0 400 160"><title id="placeholder-home-page-aria">Loading...</title><rect role="presentation" x="0" y="0" width="100%" height="100%" clip-path="url(#placeholder-home-page-diff)" style="fill:url(#placeholder-home-page-animated-diff)"></rect><defs role="presentation"><clipPath id="placeholder-home-page-diff"><rect x="48" y="8" rx="3" ry="3" width="88" height="6"></rect><rect x="48" y="26" rx="3" ry="3" width="52" height="6"></rect><rect x="0" y="56" rx="3" ry="3" width="410" height="6"></rect><rect x="0" y="72" rx="3" ry="3" width="380" height="6"></rect><rect x="0" y="88" rx="3" ry="3" width="178" height="6"></rect><circle cx="20" cy="20" r="20"></circle></clipPath><linearGradient id="placeholder-home-page-animated-diff"><stop offset="0%" stop-color="#f3f3f3" stop-opacity="1"><animate attributeName="offset" values="-2; -2; 1" keyTimes="0; 0.25; 1" dur="2s" repeatCount="indefinite"></animate></stop><stop offset="50%" stop-color="#a1a1a1" stop-opacity="1"><animate attributeName="offset" values="-1; -1; 2" keyTimes="0; 0.25; 1" dur="2s" repeatCount="indefinite"></animate></stop><stop offset="100%" stop-color="#f3f3f3" stop-opacity="1"><animate attributeName="offset" values="0; 0; 3" keyTimes="0; 0.25; 1" dur="2s" repeatCount="indefinite"></animate></stop></linearGradient></defs></svg></div></div><div class="lazyload-wrapper " style="min-height:283px"><div style="width:100%;margin-top:2rem" class="sc-htpNat edrZqW"><svg aria-labelledby="placeholder-home-page-aria" role="img" width="300" height="160" viewBox="0 0 400 160"><title id="placeholder-home-page-aria">Loading...</title><rect role="presentation" x="0" y="0" width="100%" height="100%" clip-path="url(#placeholder-home-page-diff)" style="fill:url(#placeholder-home-page-animated-diff)"></rect><defs role="presentation"><clipPath id="placeholder-home-page-diff"><rect x="48" y="8" rx="3" ry="3" width="88" height="6"></rect><rect x="48" y="26" rx="3" ry="3" width="52" height="6"></rect><rect x="0" y="56" rx="3" ry="3" width="410" height="6"></rect><rect x="0" y="72" rx="3" ry="3" width="380" height="6"></rect><rect x="0" y="88" rx="3" ry="3" width="178" height="6"></rect><circle cx="20" cy="20" r="20"></circle></clipPath><linearGradient id="placeholder-home-page-animated-diff"><stop offset="0%" stop-color="#f3f3f3" stop-opacity="1"><animate attributeName="offset" values="-2; -2; 1" keyTimes="0; 0.25; 1" dur="2s" repeatCount="indefinite"></animate></stop><stop offset="50%" stop-color="#a1a1a1" stop-opacity="1"><animate attributeName="offset" values="-1; -1; 2" keyTimes="0; 0.25; 1" dur="2s" repeatCount="indefinite"></animate></stop><stop offset="100%" stop-color="#f3f3f3" stop-opacity="1"><animate attributeName="offset" values="0; 0; 3" keyTimes="0; 0.25; 1" dur="2s" repeatCount="indefinite"></animate></stop></linearGradient></defs></svg></div></div><div class="lazyload-wrapper " style="min-height:150px;margin:1rem 0"><div style="width:100%;margin-top:2rem" class="sc-htpNat edrZqW"><svg aria-labelledby="placeholder-home-page-aria" role="img" width="300" height="160" viewBox="0 0 400 160"><title id="placeholder-home-page-aria">Loading...</title><rect role="presentation" x="0" y="0" width="100%" height="100%" clip-path="url(#placeholder-home-page-diff)" style="fill:url(#placeholder-home-page-animated-diff)"></rect><defs role="presentation"><clipPath id="placeholder-home-page-diff"><rect x="48" y="8" rx="3" ry="3" width="88" height="6"></rect><rect x="48" y="26" rx="3" ry="3" width="52" height="6"></rect><rect x="0" y="56" rx="3" ry="3" width="410" height="6"></rect><rect x="0" y="72" rx="3" ry="3" width="380" height="6"></rect><rect x="0" y="88" rx="3" ry="3" width="178" height="6"></rect><circle cx="20" cy="20" r="20"></circle></clipPath><linearGradient id="placeholder-home-page-animated-diff"><stop offset="0%" stop-color="#f3f3f3" stop-opacity="1"><animate attributeName="offset" values="-2; -2; 1" keyTimes="0; 0.25; 1" dur="2s" repeatCount="indefinite"></animate></stop><stop offset="50%" stop-color="#a1a1a1" stop-opacity="1"><animate attributeName="offset" values="-1; -1; 2" keyTimes="0; 0.25; 1" dur="2s" repeatCount="indefinite"></animate></stop><stop offset="100%" stop-color="#f3f3f3" stop-opacity="1"><animate attributeName="offset" values="0; 0; 3" keyTimes="0; 0.25; 1" dur="2s" repeatCount="indefinite"></animate></stop></linearGradient></defs></svg></div></div><div class="lazyload-wrapper " style="min-height:300px"><div style="width:100%;margin-top:2rem" class="sc-htpNat edrZqW"><svg aria-labelledby="placeholder-home-page-aria" role="img" width="300" height="160" viewBox="0 0 400 160"><title id="placeholder-home-page-aria">Loading...</title><rect role="presentation" x="0" y="0" width="100%" height="100%" clip-path="url(#placeholder-home-page-diff)" style="fill:url(#placeholder-home-page-animated-diff)"></rect><defs role="presentation"><clipPath id="placeholder-home-page-diff"><rect x="48" y="8" rx="3" ry="3" width="88" height="6"></rect><rect x="48" y="26" rx="3" ry="3" width="52" height="6"></rect><rect x="0" y="56" rx="3" ry="3" width="410" height="6"></rect><rect x="0" y="72" rx="3" ry="3" width="380" height="6"></rect><rect x="0" y="88" rx="3" ry="3" width="178" height="6"></rect><circle cx="20" cy="20" r="20"></circle></clipPath><linearGradient id="placeholder-home-page-animated-diff"><stop offset="0%" stop-color="#f3f3f3" stop-opacity="1"><animate attributeName="offset" values="-2; -2; 1" keyTimes="0; 0.25; 1" dur="2s" repeatCount="indefinite"></animate></stop><stop offset="50%" stop-color="#a1a1a1" stop-opacity="1"><animate attributeName="offset" values="-1; -1; 2" keyTimes="0; 0.25; 1" dur="2s" repeatCount="indefinite"></animate></stop><stop offset="100%" stop-color="#f3f3f3" stop-opacity="1"><animate attributeName="offset" values="0; 0; 3" keyTimes="0; 0.25; 1" dur="2s" repeatCount="indefinite"></animate></stop></linearGradient></defs></svg></div></div></div></div><div class="lazyload-wrapper " style="min-height:100px"><div class="lazyload-placeholder"></div></div><div class="lazyload-wrapper "><div class="lazyload-placeholder"></div></div><div style="height:5rem;display:block;width:100%"></div><div class="sc-eqIVtm bIQpdm moe-main-class" style="display:none"><div id="wzrk_wrapper"><div class="wzrk-overlay"></div><div class="wzrk-alert wiz-show-animate"><div class="wzrk-alert-heading">Get FLAT 15% OFF On Your Order!</div><div class="wzrk-alert-body">Click Allow to get Coupon Code</div><div class="wzrk-button-container"><button id="wzrk-cancel-id" class="wzrk-cancel">LATER</button><button id="wzrk-confirm-id" class="wzrk-confirm" style="background-color:rgb(242, 128, 70)">ALLOW</button></div></div></div></div></div><script id="__NEXT_DATA__" type="application/json">{"props":{"initialProps":{"pageProps":{},"offerStripData":{"items":[{"fields":{"CheckoutDeskHeadLink2":"/were-safe-2","vuid":"b9e0e6e1-ba99-417b-b8ef-b69fdafa9ad0","versionNumber":43,"isVisibleInListView":true,"versions":{"data":[]},"homepageDesktopPermanentHeaderText1":"OMG Sale Ends in Few Hours  | Buy 1 Get 1 FREE | Use Coupon: OMG | Shop Now ","homepageDesktopPermanentHeaderLink1":"/omg","homepageDesktopPermanentHeaderText2":"Asia's 1st Brand with MADE SAFE Certified Products","homepageDesktopPermanentHeaderLink2":"/were-safe-2","homepageMobilePermanentHeaderText1":"OMG Sale Ends in Few Hours  | Buy 1 Get 1 FREE | Use Coupon: OMG | Shop Now ","homepageMobilePermanentHeaderLink1":"/omg","checkoutDesktopPermanentHeaderText1":"Pay Online \u0026 Get Instant FLAT 5% OFF on your order | 100% Secure Payment Methods","checkoutDesktopPermanentHeaderText2":"Asia's 1st Brand with MADE SAFE Certified Products","checkoutMobilePermanentHeaderText1":"Pay Online \u0026 Get Instant FLAT 5% OFF on your order | 100% Secure Payment Methods","clevertapPopupText1":"Buy 1 Get 1 FREE ","clevertapPopupText2":"Click Allow to get Coupon Code"}}]},"deviceData":{"isMobile":false},"isGooglebot":false,"configurationData":{"switches":{"payment":{"outage":{"status":false,"configs":{"enableMobile":true,"enableDesktop":true}},"saveUpiConfig":{"status":false},"saveCardConfig":{"status":true},"paymentDownTime":{"status":true},"gpayIntent":{"status":false,"configs":{"enableMobile":false,"enableDesktop":false}},"giftCard":{"status":true,"configs":{"enableMobile":true,"enableDesktop":true}},"zest":{"status":false,"configs":{"enableMobile":true,"enableDesktop":true}},"upiAutoSuggestion":{"status":true,"configs":{"enableMobile":true,"enableDesktop":true}},"twidpay":{"status":true}},"goKwik":{"status":true,"configs":{"enableMobile":true,"enableDesktop":true}},"mamacash":{"enable":true,"configs":{"enableMobile":true,"enableDesktop":false}},"couponsForMamacash":{"status":true,"configs":{"enableMobile":true,"enableDesktop":false}},"vip":{"savingsWidget":{"status":true,"configs":{"enableMobile":true,"enableDesktop":true}}},"tryItOn":{"status":true,"configs":{"enableMobile":true,"enableDesktop":false}},"newrelic":{"status":false,"configs":{"enableMobile":false,"enableDesktop":false}},"pdp":{"video":{"status":true,"configs":{"enableMobile":true,"enableDesktop":true}}},"contextualStrip":{"status":false,"configs":{"enableMobile":true,"enableDesktop":false}},"oldPdpOffer":{"status":true},"egyftr":{"status":true,"configs":{"enableMobile":true,"enableDesktop":true}},"newCart":{"status":true},"strapi":{"status":4},"elasticSearch":{"status":1},"itemsInCart":{"status":true},"newMamacash":{"status":false},"Zendesk":{"status":true},"mrpCouponPopup":{"status":true},"rpStandardCheckout":{"status":true},"maaCampaign":{"status":false},"maaCampaignWinner":{"status":false},"aovRecommendation":{"status":false},"guestGIAutoAdd":{"status":false},"isNewHomepage":{"status":true},"atc_sibling_popup":{"status":false},"view_cart_popup":{"status":false},"freshdesk":{"status":true},"plpQuickView":{"status":true}},"configs":{"webToAppWidget":{"isShow":true,"title":"Get the App","webHamburgerSubTitle":"For better experience and exclusive features","webTrackOrderSubTitle":"To track your order and stay up to date on the delivery status","webMyAccountSubTitle":"For better experience and exclusive features","webOrdersListingSubTitle":"To track your order status smoothly"},"payment":{"outage":{"upi":{"status":false,"message":"We are currently facing issues with SBI. Please try paying with other bank account.","message1":"We are experiencing temporary delays in payment notifications for Gpay users, please open your Gpay app on next step to complete your payment."},"credit":{"status":false,"message":""},"zest":{"status":false,"message":""},"wallet":{"status":false,"message":""},"banking":{"status":false,"message":""},"cod":{"status":false,"message":""}},"vpaSuffixList":["@ybl","@oksbi","@ptaxis","@pthdfc","@ptyes","@ptsbi","@okicici","@okhdfcbank","@okaxis","@axl","@ibl","@upi","@apl"],"supportedUpiApps":["gpay","paytm"]},"couponListForMamacash":["GIOMG","OMG","MYBDAY","HBDAY","BDAY"],"contextualStrip":{"message":"Add items worth ₹399 to get FREE DELIVERY"},"codTexts":{"footerCodAmount":"40","rpStandardPaymentMethodCodText":"A charge of ₹40 applicable on COD order below 399","shippingToolTip":{"orderListCodText":"Shipping charges of ₹40.0 will apply on order below ₹399.0 + COD charges if any","orderSummaryCodText":"Shipping charges of ₹40.0 will apply on order below ₹399.0"},"payOnDelivery":{"subTitle":"A charge of ₹40 applicable on COD order below 399","mobileCodText":["Get an","extra","% Off","when you pay online."],"desktopCodText":["Do you know you get an","extra","% Off","when you pay online?"]}},"homepage":{"logo":"","logo1":"https://images.mamaearth.in/png/mama.png"},"maaCampaign":{"formUrl":"https://form.typeform.com/to/yjm6fioD?\u0026typeform-embed-disable-scroll=false"},"getAppContentPDP":"For better experience and exclusive features","newPlpPages":[],"newContentfulPages":[],"referralAmount":"100","googleSurveyScript":{"status":true},"chatbot":{"name":"Dash","logoAnimation":"https://images.mamaearth.in/wysiwyg/chatbot.mp4","firstPrompt":"I’m Dash, your shampoo expert. How can I assist you today?","plpPages":["hair-shampoo"],"pdpPages":["hair-shampoo"]}}},"megaMenuData":{"megaMenu":[{"name":"Home","val":"/"},{"name":"Face","val":"/product-category/skin","subcategories":[{"name":"Face Wash","val":"/product-category/face-wash"},{"name":"Sunscreen","val":"/product-category/sunscreen"},{"name":"Face Serum","val":"/product-category/face-serum"},{"name":"Face Cream","val":"/product-category/face-cream"},{"name":"Face Moisturizer","val":"/product-category/face-moisturizer"},{"name":"Face Mask","val":"/product-category/face-mask"},{"name":"Facial Kits","val":"/product-category/facial-kits"},{"name":"Face Scrub","val":"/product-category/face-scrub"},{"name":"See All","val":"/product-category/skin"}]},{"name":"Hair","val":"/product-category/hair","subcategories":[{"name":"Shampoo","val":"/product-category/hair-shampoo"},{"name":"Hair Oil","val":"/product-category/hair-oil"},{"name":"Conditioner","val":"/product-category/hair-conditioner"},{"name":"Hair Serum","val":"/product-category/hair-serum"},{"name":"Hair Mask","val":"/product-category/hair-mask"},{"name":"See All","val":"/product-category/hair"}]},{"name":"Makeup","val":"/product-category/makeup-products","subcategories":[{"name":"Lipsticks","val":"/product-category/lipsticks"},{"name":"Foundation","val":"/product-category/foundation"},{"name":"Kajal","val":"/product-category/eye-kajal"},{"name":"Compact","val":"/product-category/compact-powder"},{"name":"Lip Balm","val":"/product-category/lip-balm"},{"name":"Concealer","val":"/product-category/concealer"},{"name":"See All","val":"/product-category/makeup-products"}]},{"name":"Body","val":"/product-category/body","subcategories":[{"name":"Body Lotion","val":"/product-category/body-lotion"},{"name":"Soap","val":"/product-category/bathing-soap"},{"name":"Body Wash","val":"/product-category/body-wash"},{"name":"See All","val":"/product-category/body"}]},{"name":"Baby","val":"/product-category/for-babies","subcategories":[{"name":"Baby Shampoo","val":"/product-category/baby-shampoo"},{"name":"Baby Wash","val":"/product-category/baby-skin"},{"name":"Baby Body Lotion","val":"/product-category/baby-body-lotion"},{"name":"Baby Soap","val":"/product-category/baby-soap"},{"name":"Baby Oil","val":"/product-category/baby-oil"},{"name":"See All","val":"/product-category/for-babies"}]},{"name":"Combos","val":"/product-category/combos","subcategories":[{"name":"Combos","val":"/product-category/combos"},{"name":"Kits","val":"/product-category/gift-packs"}]},{"name":"New Launches","val":"/product-category/new-launches"},{"name":"Ingredient","val":"/product-category/ingredient","subcategories":[{"name":"Vitamin C","val":"/product-category/vitamin-c"},{"name":"Onion","val":"/product-category/onion-products"},{"name":"Ubtan","val":"/product-category/ubtan"},{"name":"Rosemary","val":"/product-category/rosemary-range"},{"name":"Rice","val":"/product-category/rice-range"},{"name":"Beetroot","val":"/product-category/beetroot"},{"name":"Aloe Vera","val":"/product-category/aloe-vera-range"},{"name":"Tea Tree","val":"/product-category/tea-tree-range"},{"name":"Multani Mitti","val":"/product-category/multani"},{"name":"Hibiscus","val":"/product-category/hibiscus"},{"name":"Charcoal","val":"/product-category/charcoal-range"},{"name":"Bhringamla","val":"/product-category/bhringamla"},{"name":"Honey Malai","val":"/product-category/honey-malai"},{"name":"See All","val":"/product-category/ingredient"}]},{"name":"All Products","val":"/shop"},{"name":"Blog","val":"https://mamaearth.in/blog/"},{"name":"Plant Goodness","val":"/plant"},{"name":"Store Locator","val":"/mamaearth-store"}],"exploreLinks":{"name":"Explore","subcategories":[{"name":"New Launches","val":"/product-category/new-launches"},{"name":"Best Sellers","val":"/product-category/best-seller"},{"name":"Combos","val":"/product-category/combos"},{"name":"Gift Packs","val":"/product-category/gift-packs"}]}},"enableReferral":true,"isContentfulPage":false,"isPlp":""},"initialState":{"products":{"loading":false,"error":false,"sortBy":false,"filterBy":false,"is_in_stockList":false,"is_in_stockListLoading":false,"is_in_stockListError":false,"data":{"list":{"entities":{"products":false}},"maxProductCount":0,"clientCache":{"list":false,"categories":false},"categories":false}},"fetchedProduct":{"modal":"https://images.mamaearth.in/jpg/tryItOn/model-2.jpg","data":{"recommendedProducts":[],"showRecommendationProducts":false,"currentProduct":false,"tryItOn":false}},"cart":{"loading":false,"quantityLoading":false,"error":false,"gIaddToCart":false,"data":{"cartId":false,"cartFormedDate":null,"isDisable":false,"ids":[],"cartMap":{},"recentRemovals":[],"appliedRules":[],"inertProducts":[],"userCouponCode":false,"newUserCouponCode":null,"newUserCouponTitle":null,"newUserCouponDescription":null,"isGiCoupon":false,"showCartPopUp":false,"isCartPopUpClosed":false},"open":false,"couponTray":false,"cartError":false},"auth":{"loading":false,"error":false,"loginPopUp":false,"signUp":false,"newUser":false,"redirectUrl":false,"mappedContact":"","otpLocked":false,"data":{"user":false,"token":false,"otp":{"contact":false,"email":false,"sessionId":false}},"meta":{"isTokenRefreshing":false},"popUpData":false,"userType":null,"referredUserDetails":false,"referralSuccess":false,"hashedCustomerId":false,"verificationSuccess":false,"newUserPopUp":false,"giftCardLoginPopup":false,"sourceOfLoginPopup":false},"vip":{"loading":false,"error":false,"data":{"vipStatus":0,"membershipType":1,"vipVirtualSkuType":null,"benefitType":null,"freeProduct":null,"freeProductsList":null,"paymentDetails":null,"isPopUpOpen":false,"showFreeProductPopUp":false,"freeSelectedProductGlobal":null,"desktopCouponPopUpTrigger":false,"couponTrayList":null,"isVipMember":0,"selectedProduct":false,"showMembershipOffer":true,"isVipMembershipInCart":false,"vipInCartConfig":0,"virtualMembershipList":null,"showBenefitsPopUp":false,"previousRoute":"/","removeMembershipFromCart":false,"guestStatus":false,"guestTelephone":false,"userSegment":false,"guestGiAutoAddFlag":2,"savings":null,"startDate":null,"expiryDate":null,"renewalPendingDays":null,"membershipPrice":null,"vipStatusSuccess":false}},"checkout":{"walletChecked":false,"otpLoading":false,"loading":false,"thankyouPageLoading":false,"placeOrderLoading":false,"paymentFailed":false,"paymentError":"","error":false,"jusPayLoad":false,"addressError":false,"localStorageAddressData":false,"jusPayRequestId":false,"isJuspay":false,"isValid":false,"payment_initiate":false,"couponWithTimer":false,"qrCode":"","upiPaymentDetails":false,"data":{"isCODAvailable":true,"shipping":false,"totals":false,"order":false,"confirmedOrder":false,"customerDetail":false,"paymentEntity":false,"paymentMethods":false,"old_productId":[],"couponError":false,"otp":{"contact":false,"sessionId":false},"showqrcode":false,"showexpirycode":false},"meta":{"trackingData":false,"order":{"comment":"","payMethod":"","methodFields":{},"billingAddress":false,"shippingAddress":false,"selectedPaymentMethod":"razorpay","availablePaymentMethods":["razorpay","paypal","cod"]}},"newuser":null,"couponType":"","showRetryPaymentOnce":true,"benefitsData":false,"isNewUserCouponCodeTriggered":false,"giftCardApplied":false,"gyfterDetails":false,"gyftrOtp":false,"validateCoupon":null,"fraudNumber":false,"razorpayDowntimeMessage":false,"couponJourneyData":false,"couponMessage":false,"repeatUser":0,"cartOfferSet":{},"selectedAddress":false,"cartUpdate":false,"currentStep":0,"rpStandardClose":false,"deliveryDate":null},"account":{"loading":false,"error":false,"addressExist":false,"isCOSM":false,"addressList":false,"data":{"userInfo":false,"orderPageNumber":1,"noMoreOrders":false,"orderList":[],"balance":false,"orderedProducts":false,"ordersExist":false,"allAddresses":false,"defaultAddress":false,"orderDetails":[]},"referralDetails":false,"adressDelayLoading":false,"fraudPaymentClick":false,"walletExpiry":false,"walletBalance":false,"contextualLoading":false},"global":{"loading":false,"error":false,"data":{"size":{"width":0,"height":0},"currency":{"label":"INR","value":1},"modals":[],"showSnackBar":false,"showSnackBarPDP":false,"mefe":false,"appVersion":"0.1alpha","isReduxMobile":true},"configData":{"switches":{"payment":{"outage":{"status":false,"configs":{"enableMobile":true,"enableDesktop":true}},"saveUpiConfig":{"status":false},"saveCardConfig":{"status":true},"paymentDownTime":{"status":true},"gpayIntent":{"status":false,"configs":{"enableMobile":false,"enableDesktop":false}},"giftCard":{"status":true,"configs":{"enableMobile":true,"enableDesktop":true}},"zest":{"status":false,"configs":{"enableMobile":true,"enableDesktop":true}},"upiAutoSuggestion":{"status":true,"configs":{"enableMobile":true,"enableDesktop":true}},"twidpay":{"status":true}},"goKwik":{"status":true,"configs":{"enableMobile":true,"enableDesktop":true}},"mamacash":{"enable":true,"configs":{"enableMobile":true,"enableDesktop":false}},"couponsForMamacash":{"status":true,"configs":{"enableMobile":true,"enableDesktop":false}},"vip":{"savingsWidget":{"status":true,"configs":{"enableMobile":true,"enableDesktop":true}}},"tryItOn":{"status":true,"configs":{"enableMobile":true,"enableDesktop":false}},"newrelic":{"status":false,"configs":{"enableMobile":false,"enableDesktop":false}},"pdp":{"video":{"status":true,"configs":{"enableMobile":true,"enableDesktop":true}}},"contextualStrip":{"status":false,"configs":{"enableMobile":true,"enableDesktop":false}},"oldPdpOffer":{"status":true},"egyftr":{"status":true,"configs":{"enableMobile":true,"enableDesktop":true}},"newCart":{"status":true},"strapi":{"status":4},"elasticSearch":{"status":1},"itemsInCart":{"status":true},"newMamacash":{"status":false},"Zendesk":{"status":true},"mrpCouponPopup":{"status":true},"rpStandardCheckout":{"status":true},"maaCampaign":{"status":false},"maaCampaignWinner":{"status":false},"aovRecommendation":{"status":false},"guestGIAutoAdd":{"status":false},"isNewHomepage":{"status":true},"atc_sibling_popup":{"status":false},"view_cart_popup":{"status":false},"freshdesk":{"status":true},"plpQuickView":{"status":true}},"configs":{"webToAppWidget":{"isShow":true,"title":"Get the App","webHamburgerSubTitle":"For better experience and exclusive features","webTrackOrderSubTitle":"To track your order and stay up to date on the delivery status","webMyAccountSubTitle":"For better experience and exclusive features","webOrdersListingSubTitle":"To track your order status smoothly"},"payment":{"outage":{"upi":{"status":false,"message":"We are currently facing issues with SBI. Please try paying with other bank account.","message1":"We are experiencing temporary delays in payment notifications for Gpay users, please open your Gpay app on next step to complete your payment."},"credit":{"status":false,"message":""},"zest":{"status":false,"message":""},"wallet":{"status":false,"message":""},"banking":{"status":false,"message":""},"cod":{"status":false,"message":""}},"vpaSuffixList":["@ybl","@oksbi","@ptaxis","@pthdfc","@ptyes","@ptsbi","@okicici","@okhdfcbank","@okaxis","@axl","@ibl","@upi","@apl"],"supportedUpiApps":["gpay","paytm"]},"couponListForMamacash":["GIOMG","OMG","MYBDAY","HBDAY","BDAY"],"contextualStrip":{"message":"Add items worth ₹399 to get FREE DELIVERY"},"codTexts":{"footerCodAmount":"40","rpStandardPaymentMethodCodText":"A charge of ₹40 applicable on COD order below 399","shippingToolTip":{"orderListCodText":"Shipping charges of ₹40.0 will apply on order below ₹399.0 + COD charges if any","orderSummaryCodText":"Shipping charges of ₹40.0 will apply on order below ₹399.0"},"payOnDelivery":{"subTitle":"A charge of ₹40 applicable on COD order below 399","mobileCodText":["Get an","extra","% Off","when you pay online."],"desktopCodText":["Do you know you get an","extra","% Off","when you pay online?"]}},"homepage":{"logo":"","logo1":"https://images.mamaearth.in/png/mama.png"},"maaCampaign":{"formUrl":"https://form.typeform.com/to/yjm6fioD?\u0026typeform-embed-disable-scroll=false"},"getAppContentPDP":"For better experience and exclusive features","newPlpPages":[],"newContentfulPages":[],"referralAmount":"100","googleSurveyScript":{"status":true},"chatbot":{"name":"Dash","logoAnimation":"https://images.mamaearth.in/wysiwyg/chatbot.mp4","firstPrompt":"I’m Dash, your shampoo expert. How can I assist you today?","plpPages":["hair-shampoo"],"pdpPages":["hair-shampoo"]}}},"megaMenuData":{"megaMenu":[{"name":"Home","val":"/"},{"name":"Face","val":"/product-category/skin","subcategories":[{"name":"Face Wash","val":"/product-category/face-wash"},{"name":"Sunscreen","val":"/product-category/sunscreen"},{"name":"Face Serum","val":"/product-category/face-serum"},{"name":"Face Cream","val":"/product-category/face-cream"},{"name":"Face Moisturizer","val":"/product-category/face-moisturizer"},{"name":"Face Mask","val":"/product-category/face-mask"},{"name":"Facial Kits","val":"/product-category/facial-kits"},{"name":"Face Scrub","val":"/product-category/face-scrub"},{"name":"See All","val":"/product-category/skin"}]},{"name":"Hair","val":"/product-category/hair","subcategories":[{"name":"Shampoo","val":"/product-category/hair-shampoo"},{"name":"Hair Oil","val":"/product-category/hair-oil"},{"name":"Conditioner","val":"/product-category/hair-conditioner"},{"name":"Hair Serum","val":"/product-category/hair-serum"},{"name":"Hair Mask","val":"/product-category/hair-mask"},{"name":"See All","val":"/product-category/hair"}]},{"name":"Makeup","val":"/product-category/makeup-products","subcategories":[{"name":"Lipsticks","val":"/product-category/lipsticks"},{"name":"Foundation","val":"/product-category/foundation"},{"name":"Kajal","val":"/product-category/eye-kajal"},{"name":"Compact","val":"/product-category/compact-powder"},{"name":"Lip Balm","val":"/product-category/lip-balm"},{"name":"Concealer","val":"/product-category/concealer"},{"name":"See All","val":"/product-category/makeup-products"}]},{"name":"Body","val":"/product-category/body","subcategories":[{"name":"Body Lotion","val":"/product-category/body-lotion"},{"name":"Soap","val":"/product-category/bathing-soap"},{"name":"Body Wash","val":"/product-category/body-wash"},{"name":"See All","val":"/product-category/body"}]},{"name":"Baby","val":"/product-category/for-babies","subcategories":[{"name":"Baby Shampoo","val":"/product-category/baby-shampoo"},{"name":"Baby Wash","val":"/product-category/baby-skin"},{"name":"Baby Body Lotion","val":"/product-category/baby-body-lotion"},{"name":"Baby Soap","val":"/product-category/baby-soap"},{"name":"Baby Oil","val":"/product-category/baby-oil"},{"name":"See All","val":"/product-category/for-babies"}]},{"name":"Combos","val":"/product-category/combos","subcategories":[{"name":"Combos","val":"/product-category/combos"},{"name":"Kits","val":"/product-category/gift-packs"}]},{"name":"New Launches","val":"/product-category/new-launches"},{"name":"Ingredient","val":"/product-category/ingredient","subcategories":[{"name":"Vitamin C","val":"/product-category/vitamin-c"},{"name":"Onion","val":"/product-category/onion-products"},{"name":"Ubtan","val":"/product-category/ubtan"},{"name":"Rosemary","val":"/product-category/rosemary-range"},{"name":"Rice","val":"/product-category/rice-range"},{"name":"Beetroot","val":"/product-category/beetroot"},{"name":"Aloe Vera","val":"/product-category/aloe-vera-range"},{"name":"Tea Tree","val":"/product-category/tea-tree-range"},{"name":"Multani Mitti","val":"/product-category/multani"},{"name":"Hibiscus","val":"/product-category/hibiscus"},{"name":"Charcoal","val":"/product-category/charcoal-range"},{"name":"Bhringamla","val":"/product-category/bhringamla"},{"name":"Honey Malai","val":"/product-category/honey-malai"},{"name":"See All","val":"/product-category/ingredient"}]},{"name":"All Products","val":"/shop"},{"name":"Blog","val":"https://mamaearth.in/blog/"},{"name":"Plant Goodness","val":"/plant"},{"name":"Store Locator","val":"/mamaearth-store"}],"exploreLinks":{"name":"Explore","subcategories":[{"name":"New Launches","val":"/product-category/new-launches"},{"name":"Best Sellers","val":"/product-category/best-seller"},{"name":"Combos","val":"/product-category/combos"},{"name":"Gift Packs","val":"/product-category/gift-packs"}]}},"seoContent":false,"popUpData":false,"enableReferral":true,"recentlyViewedProducts":false,"showPopResponse":false,"showOrderId":null,"isMobile":false,"customerData":false,"checkCustomer":true,"giAutoAddFlag":false,"showShippingPopup":false,"abExperiment":false,"newCart":true,"searchKey":"","debouncedKey":"","trending":[],"rpStandardFlagAb":false,"couponPopupOnMRP":false},"nps":{"loading":false,"error":false,"data":{"rating":0,"ratingData":null,"ratingDataCollection":null,"isRatingTriggered":false,"feedbackSuccessPopUp":false,"npsType":null,"orderId":false,"source":"Comms"}},"recommendation":{"loading":false,"error":false,"data":{"questionBank":[],"isProducts":false,"productsData":null,"currentSlide":0}}},"__N_SSP":true,"pageProps":{"initialState":{"products":{"loading":false,"error":false,"sortBy":false,"filterBy":false,"is_in_stockList":false,"is_in_stockListLoading":false,"is_in_stockListError":false,"data":{"list":{"entities":{"products":false}},"maxProductCount":0,"clientCache":{"list":false,"categories":false},"categories":false}},"fetchedProduct":{"modal":"https://images.mamaearth.in/jpg/tryItOn/model-2.jpg","data":{"recommendedProducts":[],"showRecommendationProducts":false,"currentProduct":false,"tryItOn":false}},"cart":{"loading":false,"quantityLoading":false,"error":false,"gIaddToCart":false,"data":{"cartId":false,"cartFormedDate":null,"isDisable":false,"ids":[],"cartMap":{},"recentRemovals":[],"appliedRules":[],"inertProducts":[],"userCouponCode":false,"newUserCouponCode":null,"newUserCouponTitle":null,"newUserCouponDescription":null,"isGiCoupon":false,"showCartPopUp":false,"isCartPopUpClosed":false},"open":false,"couponTray":false,"cartError":false},"auth":{"loading":false,"error":false,"loginPopUp":false,"signUp":false,"newUser":false,"redirectUrl":false,"mappedContact":"","otpLocked":false,"data":{"user":false,"token":false,"otp":{"contact":false,"email":false,"sessionId":false}},"meta":{"isTokenRefreshing":false},"popUpData":false,"userType":null,"referredUserDetails":false,"referralSuccess":false,"hashedCustomerId":false,"verificationSuccess":false,"newUserPopUp":false,"giftCardLoginPopup":false,"sourceOfLoginPopup":false},"vip":{"loading":false,"error":false,"data":{"vipStatus":0,"membershipType":1,"vipVirtualSkuType":null,"benefitType":null,"freeProduct":null,"freeProductsList":null,"paymentDetails":null,"isPopUpOpen":false,"showFreeProductPopUp":false,"freeSelectedProductGlobal":null,"desktopCouponPopUpTrigger":false,"couponTrayList":null,"isVipMember":0,"selectedProduct":false,"showMembershipOffer":true,"isVipMembershipInCart":false,"vipInCartConfig":0,"virtualMembershipList":null,"showBenefitsPopUp":false,"previousRoute":"/","removeMembershipFromCart":false,"guestStatus":false,"guestTelephone":false,"userSegment":false,"guestGiAutoAddFlag":2,"savings":null,"startDate":null,"expiryDate":null,"renewalPendingDays":null,"membershipPrice":null,"vipStatusSuccess":false}},"checkout":{"walletChecked":false,"otpLoading":false,"loading":false,"thankyouPageLoading":false,"placeOrderLoading":false,"paymentFailed":false,"paymentError":"","error":false,"jusPayLoad":false,"addressError":false,"localStorageAddressData":false,"jusPayRequestId":false,"isJuspay":false,"isValid":false,"payment_initiate":false,"couponWithTimer":false,"qrCode":"","upiPaymentDetails":false,"data":{"isCODAvailable":true,"shipping":false,"totals":false,"order":false,"confirmedOrder":false,"customerDetail":false,"paymentEntity":false,"paymentMethods":false,"old_productId":[],"couponError":false,"otp":{"contact":false,"sessionId":false},"showqrcode":false,"showexpirycode":false},"meta":{"trackingData":false,"order":{"comment":"","payMethod":"","methodFields":{},"billingAddress":false,"shippingAddress":false,"selectedPaymentMethod":"razorpay","availablePaymentMethods":["razorpay","paypal","cod"]}},"newuser":null,"couponType":"","showRetryPaymentOnce":true,"benefitsData":false,"isNewUserCouponCodeTriggered":false,"giftCardApplied":false,"gyfterDetails":false,"gyftrOtp":false,"validateCoupon":null,"fraudNumber":false,"razorpayDowntimeMessage":false,"couponJourneyData":false,"couponMessage":false,"repeatUser":0,"cartOfferSet":{},"selectedAddress":false,"cartUpdate":false,"currentStep":0,"rpStandardClose":false,"deliveryDate":null},"account":{"loading":false,"error":false,"addressExist":false,"isCOSM":false,"addressList":false,"data":{"userInfo":false,"orderPageNumber":1,"noMoreOrders":false,"orderList":[],"balance":false,"orderedProducts":false,"ordersExist":false,"allAddresses":false,"defaultAddress":false,"orderDetails":[]},"referralDetails":false,"adressDelayLoading":false,"fraudPaymentClick":false,"walletExpiry":false,"walletBalance":false,"contextualLoading":false},"global":{"loading":false,"error":false,"data":{"size":{"width":0,"height":0},"currency":{"label":"INR","value":1},"modals":[],"showSnackBar":false,"showSnackBarPDP":false,"mefe":false,"appVersion":"0.1alpha","isReduxMobile":true},"configData":{"switches":{"payment":{"outage":{"status":false,"configs":{"enableMobile":true,"enableDesktop":true}},"saveUpiConfig":{"status":false},"saveCardConfig":{"status":true},"paymentDownTime":{"status":true},"gpayIntent":{"status":false,"configs":{"enableMobile":false,"enableDesktop":false}},"giftCard":{"status":true,"configs":{"enableMobile":true,"enableDesktop":true}},"zest":{"status":false,"configs":{"enableMobile":true,"enableDesktop":true}},"upiAutoSuggestion":{"status":true,"configs":{"enableMobile":true,"enableDesktop":true}},"twidpay":{"status":true}},"goKwik":{"status":true,"configs":{"enableMobile":true,"enableDesktop":true}},"mamacash":{"enable":true,"configs":{"enableMobile":true,"enableDesktop":false}},"couponsForMamacash":{"status":true,"configs":{"enableMobile":true,"enableDesktop":false}},"vip":{"savingsWidget":{"status":true,"configs":{"enableMobile":true,"enableDesktop":true}}},"tryItOn":{"status":true,"configs":{"enableMobile":true,"enableDesktop":false}},"newrelic":{"status":false,"configs":{"enableMobile":false,"enableDesktop":false}},"pdp":{"video":{"status":true,"configs":{"enableMobile":true,"enableDesktop":true}}},"contextualStrip":{"status":false,"configs":{"enableMobile":true,"enableDesktop":false}},"oldPdpOffer":{"status":true},"egyftr":{"status":true,"configs":{"enableMobile":true,"enableDesktop":true}},"newCart":{"status":true},"strapi":{"status":4},"elasticSearch":{"status":1},"itemsInCart":{"status":true},"newMamacash":{"status":false},"Zendesk":{"status":true},"mrpCouponPopup":{"status":true},"rpStandardCheckout":{"status":true},"maaCampaign":{"status":false},"maaCampaignWinner":{"status":false},"aovRecommendation":{"status":false},"guestGIAutoAdd":{"status":false},"isNewHomepage":{"status":true},"atc_sibling_popup":{"status":false},"view_cart_popup":{"status":false},"freshdesk":{"status":true},"plpQuickView":{"status":true}},"configs":{"webToAppWidget":{"isShow":true,"title":"Get the App","webHamburgerSubTitle":"For better experience and exclusive features","webTrackOrderSubTitle":"To track your order and stay up to date on the delivery status","webMyAccountSubTitle":"For better experience and exclusive features","webOrdersListingSubTitle":"To track your order status smoothly"},"payment":{"outage":{"upi":{"status":false,"message":"We are currently facing issues with SBI. Please try paying with other bank account.","message1":"We are experiencing temporary delays in payment notifications for Gpay users, please open your Gpay app on next step to complete your payment."},"credit":{"status":false,"message":""},"zest":{"status":false,"message":""},"wallet":{"status":false,"message":""},"banking":{"status":false,"message":""},"cod":{"status":false,"message":""}},"vpaSuffixList":["@ybl","@oksbi","@ptaxis","@pthdfc","@ptyes","@ptsbi","@okicici","@okhdfcbank","@okaxis","@axl","@ibl","@upi","@apl"],"supportedUpiApps":["gpay","paytm"]},"couponListForMamacash":["GIOMG","OMG","MYBDAY","HBDAY","BDAY"],"contextualStrip":{"message":"Add items worth ₹399 to get FREE DELIVERY"},"codTexts":{"footerCodAmount":"40","rpStandardPaymentMethodCodText":"A charge of ₹40 applicable on COD order below 399","shippingToolTip":{"orderListCodText":"Shipping charges of ₹40.0 will apply on order below ₹399.0 + COD charges if any","orderSummaryCodText":"Shipping charges of ₹40.0 will apply on order below ₹399.0"},"payOnDelivery":{"subTitle":"A charge of ₹40 applicable on COD order below 399","mobileCodText":["Get an","extra","% Off","when you pay online."],"desktopCodText":["Do you know you get an","extra","% Off","when you pay online?"]}},"homepage":{"logo":"","logo1":"https://images.mamaearth.in/png/mama.png"},"maaCampaign":{"formUrl":"https://form.typeform.com/to/yjm6fioD?\u0026typeform-embed-disable-scroll=false"},"getAppContentPDP":"For better experience and exclusive features","newPlpPages":[],"newContentfulPages":[],"referralAmount":"100","googleSurveyScript":{"status":true},"chatbot":{"name":"Dash","logoAnimation":"https://images.mamaearth.in/wysiwyg/chatbot.mp4","firstPrompt":"I’m Dash, your shampoo expert. How can I assist you today?","plpPages":["hair-shampoo"],"pdpPages":["hair-shampoo"]}}},"megaMenuData":{"megaMenu":[{"name":"Home","val":"/"},{"name":"Face","val":"/product-category/skin","subcategories":[{"name":"Face Wash","val":"/product-category/face-wash"},{"name":"Sunscreen","val":"/product-category/sunscreen"},{"name":"Face Serum","val":"/product-category/face-serum"},{"name":"Face Cream","val":"/product-category/face-cream"},{"name":"Face Moisturizer","val":"/product-category/face-moisturizer"},{"name":"Face Mask","val":"/product-category/face-mask"},{"name":"Facial Kits","val":"/product-category/facial-kits"},{"name":"Face Scrub","val":"/product-category/face-scrub"},{"name":"See All","val":"/product-category/skin"}]},{"name":"Hair","val":"/product-category/hair","subcategories":[{"name":"Shampoo","val":"/product-category/hair-shampoo"},{"name":"Hair Oil","val":"/product-category/hair-oil"},{"name":"Conditioner","val":"/product-category/hair-conditioner"},{"name":"Hair Serum","val":"/product-category/hair-serum"},{"name":"Hair Mask","val":"/product-category/hair-mask"},{"name":"See All","val":"/product-category/hair"}]},{"name":"Makeup","val":"/product-category/makeup-products","subcategories":[{"name":"Lipsticks","val":"/product-category/lipsticks"},{"name":"Foundation","val":"/product-category/foundation"},{"name":"Kajal","val":"/product-category/eye-kajal"},{"name":"Compact","val":"/product-category/compact-powder"},{"name":"Lip Balm","val":"/product-category/lip-balm"},{"name":"Concealer","val":"/product-category/concealer"},{"name":"See All","val":"/product-category/makeup-products"}]},{"name":"Body","val":"/product-category/body","subcategories":[{"name":"Body Lotion","val":"/product-category/body-lotion"},{"name":"Soap","val":"/product-category/bathing-soap"},{"name":"Body Wash","val":"/product-category/body-wash"},{"name":"See All","val":"/product-category/body"}]},{"name":"Baby","val":"/product-category/for-babies","subcategories":[{"name":"Baby Shampoo","val":"/product-category/baby-shampoo"},{"name":"Baby Wash","val":"/product-category/baby-skin"},{"name":"Baby Body Lotion","val":"/product-category/baby-body-lotion"},{"name":"Baby Soap","val":"/product-category/baby-soap"},{"name":"Baby Oil","val":"/product-category/baby-oil"},{"name":"See All","val":"/product-category/for-babies"}]},{"name":"Combos","val":"/product-category/combos","subcategories":[{"name":"Combos","val":"/product-category/combos"},{"name":"Kits","val":"/product-category/gift-packs"}]},{"name":"New Launches","val":"/product-category/new-launches"},{"name":"Ingredient","val":"/product-category/ingredient","subcategories":[{"name":"Vitamin C","val":"/product-category/vitamin-c"},{"name":"Onion","val":"/product-category/onion-products"},{"name":"Ubtan","val":"/product-category/ubtan"},{"name":"Rosemary","val":"/product-category/rosemary-range"},{"name":"Rice","val":"/product-category/rice-range"},{"name":"Beetroot","val":"/product-category/beetroot"},{"name":"Aloe Vera","val":"/product-category/aloe-vera-range"},{"name":"Tea Tree","val":"/product-category/tea-tree-range"},{"name":"Multani Mitti","val":"/product-category/multani"},{"name":"Hibiscus","val":"/product-category/hibiscus"},{"name":"Charcoal","val":"/product-category/charcoal-range"},{"name":"Bhringamla","val":"/product-category/bhringamla"},{"name":"Honey Malai","val":"/product-category/honey-malai"},{"name":"See All","val":"/product-category/ingredient"}]},{"name":"All Products","val":"/shop"},{"name":"Blog","val":"https://mamaearth.in/blog/"},{"name":"Plant Goodness","val":"/plant"},{"name":"Store Locator","val":"/mamaearth-store"}],"exploreLinks":{"name":"Explore","subcategories":[{"name":"New Launches","val":"/product-category/new-launches"},{"name":"Best Sellers","val":"/product-category/best-seller"},{"name":"Combos","val":"/product-category/combos"},{"name":"Gift Packs","val":"/product-category/gift-packs"}]}},"seoContent":{"@context":"https://schema.org","@type":"ItemList","numberOfItems":0,"itemListOrder":"Unordered","seo":{"url_key":"home-page-carousels","meta_title":"Mamaearth OMG Sale Ends Tonight with Buy1 Get1 Free Offer","meta_keyword":"mamaearth. mama earth, Mamaearth products, mamaearth honasa, mama earth, mamaarth product, mama earth products list, does mamaearth products work for oily skin, is mama earth products are good, mama earth ka product, mama earth ke product, mama product, mamaearth cosmetics review, mamaearth products list","meta_description":"Mamaearth OMG Sale is live with Buy 1 Get 1 Free on toxin-free skin \u0026 hair care, and makeup products. Limited time! Use code OMG to save now.","name":"Home Page Carousels","canonicalUrl":null,"faq":[{"question":"Is mamaearth good for skin and hair?","answer":"Yes, Mamaearth is a trustworthy brand for all your skin and hair care needs. "},{"question":"Are Mamaearth products good?","answer":"Yes. Mamaearth products are curated with utmost care and attention. All products are made of safe, gentle, and natural ingredients and free of toxins or harmful chemicals. "},{"question":"What is Mamaearth?","answer":"Mamaearth is a nurturing brand by parents for parents. It makes safe and gentle skin-friendly products as per stringent international standards. The brand also develops a diverse range of products your skin and hair care needs. "},{"question":"Are Mamaearth products safe?","answer":"All the products of Mamaearth are non-toxic and safe to be used for your little ones. We abstain from using paraben, sulfates, artificial colorants, and fragrances in our makings. "},{"question":"Are Mamaearth products available in stores?","answer":"Yes, Mamaearth products are available on Online and Offline channels. "},{"question":"Is Mamaearth an India brand?","answer":"Yes, Mamaearth is an Indian brand. Varun and Ghazal Alagh co-founded it in 2016 to provide toxin-free, natural baby care, skincare, and hair care products. "},{"question":"From where can I buy Mamaearth products?","answer":"You can check out our official website to place your order or buy from the stores. Our mama product are also available in stores."},{"question":"Are Mamaearth hair products good?","answer":"Yes. Our hair products are clinically tested and approved. "},{"question":"Are Mamaearth beauty products tested on animals?","answer":"Our products are PETA certified, which means they are not tested on animals."},{"question":"Is Mamaearth packaging environmentally friendly?","answer":"We are deeply committed to making environmentally sustainable choices: we ensure that we recycle twice as much plastic as we use."},{"question":"Does Mamaearth products work for all types of skin?","answer":"Yes, Mamaearth products works well for all skin types as they are made of natural ingredients and treats your skin with natural care and benefits."},{"question":"What is the Mama earth products price ranges in India?","answer":"The Mamaearth products price range in India varies from products and quantity. Like Onion oil costs INR 419/- for 150 ml and Ultra light indian sunscreen costs INR 499/- for 80 ml. You can check the Mamaearth all products with price on the website and get your choosen one for you."}],"footerContent":"\u003ch1\u003eGet your hands on Nature-Inspired Mamaearth Products \u003c/h1\u003e\r\n\u003cp\u003eMamaearth is the one of the most trustworthy brands in India. Mamaearth \u003cstrong\u003eOMG Sale is live\u003c/strong\u003e with \u003cstrong\u003eBuy 1 Get 1 Free\u003c/strong\u003e on toxin-free skin \u0026amp; hair care, and makeup products. Limited time! Use code \u003ca href=\"https://mamaearth.in/omg\"\u003e\u003cstrong\u003eOMG\u003c/strong\u003e\u003c/a\u003e to save now. It offers the best-in-class skincare products to help you discover the essence of beauty with the Goodness of Nature. We are also Asia’s first brand to be accoladed with Made Safe Certification for our beauty products.Our products are made using safe, pure, gentle, natural, and toxin-free ingredients. We work with skincare experts to make the best natural \u003ca href=\"https://mamaearth.in/product-category/skin\"\u003eskin care products \u003c/a\u003efor men and women to offer you the best skincare experience.\u003c/p\u003e\r\n\u003cp\u003eWe are a brand by the parents and for the parents because we offer safe and gentle \u003cstrong\u003ebaby skin care products\u003c/strong\u003e through world-class research to solve every little problem of parents. To make Mama product that are especially mum-friendly, we curate our \u003cstrong\u003etoxic free\u003c/strong\u003e, \u003cstrong\u003eharmful chemical-free\u003c/strong\u003e, paraben-free products with utmost care and precision. We are your one-stop shop for beauty, skin, hair, and baby care needs. Explore \u003cstrong\u003eMamaearth official website\u003c/strong\u003e and choose from an array of products for your beauty care regimen. \u003cstrong\u003eMamaearth online shopping \u003c/strong\u003estore offers you complete convenience. You can view your favorite picks in one place at Mamaearth Honasa website. Our user-friendly interface will guide you through the product information to make the best buying decisions. Buy now!\u003c/p\u003e\r\n\u003ch2\u003eDownload Mamaearth App for iOS and Android today!\u003c/h2\u003e\r\n\u003cp\u003eWe welcome you to download our all-new Mamaearth app for your iPhone or Android smartphone. It offers you the best online shopping experience so you could place your order from the comfort of your home.\u003c/p\u003e\r\n\u003cp\u003eOur app features bank-grade security for safe and instant payment gateways. All you thus need to make an order with us is to select the product(s) of your choice, add them to cart, input your address, and make a successful payment- and we will take it up from there.\u003c/p\u003e\r\n\u003cp\u003eDownload Mamaearth App Now for \u003ca href=\"https://play.google.com/store/apps/details?id=com.mamaearthapp\u0026amp;hl=en_IN\u0026amp;gl=US\" rel=\"noindex, nofollow\"\u003eAndroid\u003c/a\u003e and \u003ca href=\"https://apps.apple.com/in/app/mamaearth-online-shopping-app/id1530385461\" rel=\"noindex, nofollow\"\u003eiOS\u003c/a\u003e. Visit Honasa Consumer Ltd website to know more.\u003c/p\u003e\r\n\u003ch2\u003eAbout Mamaearth Skincare Range\u003c/h2\u003e\r\n\u003cp\u003eDeciphering a skincare routine is overwhelming at times. With so many options available, it becomes tough to understand what your skin truly needs. Our sedentary lifestyle has impacted skin's health, leaving it dull, and damaged. With the Goodness of Nature, it is possible to help protect the skin, boost radiance, prevent blemishes, and reverse the damage. You can check mama earth products list as our mama earth organics top-of-the-line products, such as \u003ca href=\"https://mamaearth.in/product-category/sunscreen\"\u003esunscreen\u003c/a\u003e, and \u003ca href=\"https://mamaearth.in/product/bye-bye-dark-circles-eye-cream-with-cucumber-peptides-for-dark-circles-20ml\"\u003edark circles removal cream\u003c/a\u003e come enriched with natural ingredients and good Mama earth products price list to help get radiant skin complexion. \u003c/p\u003e\r\n\u003cp\u003eHere's what you can expect in our skincare range:\u003c/p\u003e\r\n\u003col\u003e\r\n\u003cli\u003e\u003ca href=\"https://mamaearth.in/product-category/face-wash\"\u003eFace wash\u003c/a\u003e - The first step to cultivating a great skincare regimen is to pick up a face cleanser that fits your skin type. We bring you a wide range of options comprising Vitamin C Foaming Face Wash, Charcoal Face Wash, \u003ca href=\"https://mamaearth.in/product/retinol-face-wash-with-retinol-bakuchi-for-fine-lines-and-wrinkles-100-ml\"\u003eRetinol Face Wash\u003c/a\u003e, \u003ca href=\"https://mamaearth.in/product/multani-mitti-face-wash-with-multani-mitti-bulgarian-rose-for-oil-control-acne-100-ml\"\u003eMultani Mitti Face Wash\u003c/a\u003e, and \u003ca href=\"https://mamaearth.in/product/micellar-water-foaming-makeup-remover-with-rose-water-glycolic-acid-for-makeup-cleansing-150-ml\"\u003eMicellar Water Foaming Makeup Remover\u003c/a\u003e. \u003c/li\u003e\r\n\u003cli\u003eFace Scrub - \u003ca href=\"https://mamaearth.in/product-category/face-scrub\"\u003eFace scrub\u003c/a\u003e are a luxurious addition to the beauty arsenal. Pick from our range of Face scrubs, including CoCo Face Scrub, Vitamin C Face Scrub, and \u003ca href=\"https://mamaearth.in/product/ubtan-scrub-for-face-with-turmeric-walnut-for-tan-removal-100g\"\u003eUbtan Face Scrub\u003c/a\u003e, for that refreshing look after a long tiring day. \u003c/li\u003e\r\n\u003cli\u003eFace Mask - A facial mask can be a great tool to have in your beauty arsenal. Our diverse \u003ca href=\"https://mamaearth.in/product-category/face-mask\"\u003eface mask\u003c/a\u003e range includes- Mamaearth Ubtan Face Mask, \u003ca href=\"https://mamaearth.in/product/vitamin-c-sleeping-mask-with-aloe-vera-for-skin-illumination-100-g\"\u003eVitamin C Sleeping Mask\u003c/a\u003e,  \u003ca href=\"https://mamaearth.in/product/buy-charcoal-face-mask\"\u003echarcoal face mask\u003c/a\u003e, C3 Face Mask, and Neem Face Mask for different skin woes. \u003c/li\u003e\r\n\u003cli\u003e\u003ca href=\"https://mamaearth.in/product-category/face-toner\"\u003eFace Toner\u003c/a\u003e - An effective AM-PM routine begins with Cleansing-Toning-Moisturizing. For that refreshed look on your face, you may try our Ubtan \u003ca href=\"https://mamaearth.in/product/ubtan-cleansing-milk-for-face-with-turmeric-saffron-for-gentle-cleansing-100ml\"\u003eCleansing Milk\u003c/a\u003e with Turmeric and Saffron for Gentle Cleansing, or Vitamin C Face Toner and Rose Face Toner to minimize enlarged pores.\u003c/li\u003e\r\n\u003cli\u003eFace Cream - We have a wide range of \u003ca href=\"https://mamaearth.in/product-category/face-cream\"\u003eface cream\u003c/a\u003e for anti-aging, \u003ca href=\"https://mamaearth.in/product/mamaearth-combos-skin-lightening-and-brightening-combo\"\u003ewhitening cream\u003c/a\u003e and hyperpigmentation, \u003ca href=\"https://mamaearth.in/product/tan-removal-regimen\"\u003etan removal cream\u003c/a\u003e. We also have the best day and \u003ca href=\"https://mamaearth.in/product-category/night-cream\"\u003enight cream\u003c/a\u003e- Mamaearth \u003ca href=\"https://mamaearth.in/product-category/dark-spot-removal-face-cream\"\u003edark spot removal cream\u003c/a\u003e, \u003ca href=\"https://mamaearth.in/product/retinol-night-cream-for-women-with-retinol-bakuchi-for-anti-aging-fine-lines-and-wrinkles-50-g\"\u003eRetinol Cream\u003c/a\u003e, Aqua Glow Face Moisturizer, \u003ca href=\"https://mamaearth.in/product/anti-acne-kit\"\u003epimple cream\u003c/a\u003e, etc.\u003c/li\u003e\r\n\u003cli\u003eFace Gel - Along with adding a stroke of hydration to your face, \u003ca href=\"https://mamaearth.in/product-category/face-gel\"\u003eface gel\u003c/a\u003e can make your face skin look energized, bright, and clean. Our \u003ca href=\"https://mamaearth.in/product/aloe-vera-gel-for-face-with-pure-aloe-vera-vitamin-e-for-skin-and-hair-300ml\"\u003eAloe Vera Gel\u003c/a\u003e is a host of benefits for different skin woes. Packed with ingredients like Hyaluronic Acid, Aloe Vera, Vitamin E, and Glycerin, our face gels soothe your skin, seal in moisture, and improve the texture of your skin. \u003c/li\u003e\r\n\u003cli\u003eFace serum - It’s time to amp your skincare regimen with the Mamaearth \u003ca href=\"https://mamaearth.in/product-category/face-serum\"\u003eface serum\u003c/a\u003e range. Our best-selling \u003ca href=\"https://mamaearth.in/product/mamaearth-retinol-face-serum\"\u003eRetinol Serum\u003c/a\u003e, Skin Illuminate Face Serum, \u003ca href=\"https://mamaearth.in/product/10-vitamin-c-face-serum-essence-serum-with-vitamin-c-and-gotu-kola-for-skin-illumination-30ml\"\u003evitamin c serum\u003c/a\u003e gives you a radiant glow. Besides, Aqua Glow Face Serum range gives your skin a 72-hour long boost of hydration and \u003ca href=\"https://mamaearth.in/product/skin-correct-face-serum-with-niacinamide-and-ginger-extract-for-acne-marks-scars-30-ml\"\u003eniacinamide serum\u003c/a\u003e helps reduces acne marks. \u003c/li\u003e\r\n\u003cli\u003eLip Balm - Our tinted \u003ca href=\"https://mamaearth.in/product-category/lip-balm\"\u003elip balm\u003c/a\u003e keep your lips super moisturized for 12 hours. Pick from a wide range of options- Vitamin C and Honey, Turmeric and Saffron, Rose Oil and Castor Oil, Cherry and Coconut Oil, and CoCo. Its easy application formula gives you naturally soft lips in just one glide. You can also try the Mamaearth \u003ca href=\"https://mamaearth.in/product/moisture-matte-long-stay-lipsticks-2-g-cinnamon-nude\"\u003eNude Lipstick\u003c/a\u003e.\u003c/li\u003e\r\n\u003cli\u003e\u003ca href=\"https://mamaearth.in/product-category/eye-kajal\"\u003eEye Kajal\u003c/a\u003e - Let everyone notice your beautiful eyes with our Charcoal Black Long Stay \u003ca href=\"https://mamaearth.in/product/charcoal-black-long-stay-kajal-with-vitamin-c-chamomile\"\u003eKajal\u003c/a\u003e. Its waterproof and smudge-free formula gives your eyes a glossy sheen for 11 hours straight. It is also India’s first Made Safe certified Kajal that contains no toxins or harmful chemicals.\u003c/li\u003e\r\n\u003c/ol\u003e\r\n\u003ch2\u003eAbout Mamaearth Hair Care Range\u003c/h2\u003e\r\n\u003cp\u003eUsing the right hair products can make a big difference in your hair care regimen. Pollution, stress, and inadequate nutrition can leave your hair looking dull and lifeless. The best solution is to use safe and gentle \u003ca href=\"https://mamaearth.in/product-category/hair\"\u003ehair care\u003c/a\u003e products that nourish your scalp and treat dull and frizzy hair. Our mamaarth products are thoughtfully formulated with potent ingredients to address common hair care issues. \u003c/p\u003e\r\n\u003col\u003e\r\n\u003cli\u003e\u003ca href=\"https://mamaearth.in/product-category/hair-oil\"\u003eHair Oil\u003c/a\u003e - Our hair oils are made with time-tested ingredients like Bhringraj, Amla, \u003ca href=\"https://mamaearth.in/product/almond-hair-oil-with-cold-pressed-almond-oil-vitamin-e-for-healthy-hair-growth-150-ml\"\u003ealmond oil for hair\u003c/a\u003e,  Coconut, Rice Bran, \u003ca href=\"https://mamaearth.in/product/100-pure-natural-cold-pressed-castor-oil-for-healthier-skin-hair-nails-150ml\"\u003eCastor Oil\u003c/a\u003e to prevent \u003ca href=\"https://mamaearth.in/product-category/hairfall\"\u003ehair fall\u003c/a\u003e, gray hair, and dry and flaky skin. You can also check out the \u003ca href=\"https://mamaearth.in/product/hairfall-control-kit\"\u003ehair fall control\u003c/a\u003e and BhringAmla range, which contains 15 rare Ayurvedic herbs to nourish your scalp and strengthen your hair. \u003c/li\u003e\r\n\u003cli\u003e\u003ca href=\"https://mamaearth.in/product-category/hair-shampoo\"\u003eHair Shampoo\u003c/a\u003e - Mamaearth shampoos are made with nutrient-rich ingredients like Argan Oil, Milk Protein, Tea-tree, Red Onion Seed, and Avocado Oil. Our Mamaearth Tea Tree Shampoo treats dry and itchy scalp, \u003ca href=\"https://mamaearth.in/product-category/anti-dandruff-shampoo\"\u003eanti dandruff shampoo\u003c/a\u003e helps clear dandruff, while our Rice Water Shampoo Keratin is best for damaged hair. And \u003ca href=\"https://mamaearth.in/product/rice-water-hair-mask-with-rice-water-keratin-for-smoothening-hair-damage-repair-200-g\"\u003erice water for hair\u003c/a\u003e makes hair silky smooth Also, check out our \u003ca href=\"https://mamaearth.in/product-category/anti-dandruff-shampoo\"\u003ebest dandruff shampoo\u003c/a\u003e range for dandruff treatment. \u003c/li\u003e\r\n\u003cli\u003eHair Conditioner - A \u003ca href=\"httpS://mamaearth.in/product-category/hair-conditioner\"\u003ehair conditioner\u003c/a\u003e is a must if you want a long, shiny, and lustrous mane without having to visit a salon. We have many conditioners that repair your strands and add vitality. You can shop from an exclusive range of conditioners- Onion, Almond, BhringAmla, Apple Cider Vinegar, and so on.\u003c/li\u003e\r\n\u003cli\u003eHair Mask - Our \u003ca href=\"https://mamaearth.in/product-category/hair-mask\"\u003ehair mask\u003c/a\u003e are packed with rich ingredients to strengthen your hair and enhance its texture. Some of the options you can choose from our Argan Hair Mask, Tea Tree Anti-Dandruff Hair Mask, Onion Hair Mask, and Almond Hair Mask. \u003c/li\u003e\r\n\u003c/ol\u003e\r\n\u003cp\u003eYou can also try our rich hair serum range and \u003ca href=\"https://mamaearth.in/product-category/lipsticks\"\u003elipstick shades\u003c/a\u003e. Our \u003ca href=\"https://mamaearth.in/product-category/hair-serum\"\u003eHair Serum\u003c/a\u003e is 100% natural and non-toxic, making them your go-to option for frizzy and unmanageable hair.\u003c/p\u003e\r\n\u003ch2\u003eAbout Mamaearth Body Care Range\u003c/h2\u003e\r\n\u003cp\u003eWhen it comes to beauty, your body also needs a little Treatment-Love-Care. Just as you need a face cleanser, exfoliator, and \u003ca href=\"https://mamaearth.in/product-category/face-moisturizer\"\u003emoisturizer\u003c/a\u003e for your face, you should also use body care products for the skin below your neck. \u003c/p\u003e\r\n\u003col\u003e\r\n\u003cli\u003eBody Wash - A hydrating \u003ca href=\"https://mamaearth.in/product-category/body-wash\"\u003ebody wash\u003c/a\u003e is a must to help restore skin moisture. Our Ubtan Body Wash offers the goodness of time-tested ingredients like Turmeric, Saffron, and Walnut Beads. The blend of natural ingredients gently exfoliates your skin and leaves it feeling soft and supple. You can also try Vitamin C Body Wash, Charcoal Body Wash, \u003ca href=\"https://mamaearth.in/product/charcoal-nourishing-bathing-soap-with-charcoal-and-mint-for-deep-cleansing-5x75g\"\u003echarcoal soap\u003c/a\u003e, and CoCo Nourishing Bathing Soaps. \u003c/li\u003e\r\n\u003cli\u003eBody Butter - Our body butter deeply nourishes your skin and creates a protective layer. Our body butter creams also help fight dryness, dullness, and skin darkening. Our best-selling products include CoCo Body Butter for Dry Skin and Ubtan Body Butter for Deep Nourishment.\u003c/li\u003e\r\n\u003cli\u003e\u003ca href=\"https://mamaearth.in/product-category/body-lotion\"\u003eBody Lotion\u003c/a\u003e - Say goodbye to dull and dry skin this winter. Our best-selling Vitamin C Body Lotion is ideal for all skin types, \u003ca href=\"https://mamaearth.in/product/stretch-marks-removal-cream\"\u003estretch mark removal cream\u003c/a\u003e helps remove stretch marks, while the other ranges- Ubtan Body Lotion CoCo Body Lotions also help lock in moisture to keep your skin hydrated. \u003c/li\u003e\r\n\u003cli\u003eHand Cream - Battling dry and rough skin on your hands? Try hand cream – it is enriched with ingredients like Shea Butter, Honey, Turmeric, Aloe Vera, Coconut Oil, Apricot Oil, and Vitamin C. Not only do our creams help nourish your skin, but this formula also kills 99% of germs and effortlessly helps sanitize your hands. \u003c/li\u003e\r\n\u003cli\u003eBody Scrub - Our nature-inspired \u003ca href=\"https://mamaearth.in/product-category/body-scrub\"\u003ebody scrub\u003c/a\u003e gently polish your skin, irresistibly giving you smooth and supple skin. Our Ubtan Body Scrub is made with time-tested ingredients like Turmeric, Saffron, and Walnut Beads to give your skin a soft and supple texture. Also, our Neem Body Scrub made with Neem and Tulsi deeply exfoliates your skin.  \u003c/li\u003e\r\n\u003cli\u003eMamaearth's Deo helps you stay closer to yourself because it creates a fragrance as unique as you are. We welcome you to try out our exclusive range of \u003ca href=\"https://mamaearth.in/product-category/perfume\"\u003eperfume\u003c/a\u003e today\u003c/li\u003e\r\n\u003c/ol\u003e\r\n\u003ch2\u003eAbout Mamaearth Baby Care Range\u003c/h2\u003e\r\n\u003cp\u003eWhen it comes to your little munchkin, you would not want to settle on anything but the best. So, we are committed to crafting 100% safe and natural products that are gentle on your baby’s skin. \u003c/p\u003e\r\n\u003col\u003e\r\n\u003cli\u003e\u003ca href=\"https://mamaearth.in/product-category/baby-bath\"\u003eBaby Bath Products\u003c/a\u003e - Our baby bath care range includes baby washes, baby shampoo, and bathing bars to make bath time a fun time for your little munchkin. Mamaearth baby products are tear-free formulas made with nourishing ingredients that deeply hydrate and help balance the baby’s skin and pH levels. Also, check out our \u003ca href=\"https://mamaearth.in/product/mamaearth-moisturizing-baby-soap-bar\"\u003ebath soap\u003c/a\u003e and \u003ca href=\"https://mamaearth.in/product/dusting-powder-babies\"\u003edusting powder\u003c/a\u003e which is best for dry \u0026amp; irritated skin. \u003c/li\u003e\r\n\u003cli\u003e\u003ca href=\"https://mamaearth.in/product-category/baby-skin\"\u003eBaby Skincare Products\u003c/a\u003e - We have a wide range of the best \u003ca href=\"https://mamaearth.in/product-category/for-babies\"\u003ebaby care products \u003c/a\u003eavailable on the Mamaearth website - baby lotions, creams, \u003ca href=\"https://mamaearth.in/product/soothing-massage-oil-for-babies-with-sesame-almond-jojoba-oil\"\u003emassage oil\u003c/a\u003e, and powders. Free from any toxins and harmful chemicals, our Made Safe Certified baby care range and \u003ca href=\"https://mamaearth.in/product/natural-insect-repellent\"\u003emosquito repellent\u003c/a\u003e is dermatologically tested for your baby’s sensitive skin.  \u003c/li\u003e\r\n\u003cli\u003e\u003ca href=\"https://mamaearth.in/product-category/baby-diaper\"\u003eBaby Diaper\u003c/a\u003e - Our plant-based diapers are gentle on your baby’s skin and safe for the environment too. You can also get started with our Organic \u003ca href=\"https://mamaearth.in/product/baby-wipes-online-india\"\u003ewet wipes\u003c/a\u003e - Bamboo Based Baby Wipes and Milky Soft Diaper Rash Cream. Our diapers are made from corn starch and free from latex, fragrance, and chlorine that let your baby stay healthy and happy all day long. \u003c/li\u003e\r\n\u003cli\u003e\u003ca href=\"https://mamaearth.in/product-category/baby-oral-care\"\u003eOral Care\u003c/a\u003e - Now you can protect your little one’s teeth naturally. All oral care products, including \u003ca href=\"https://mamaearth.in/product/fruit-punch-toothpaste-for-kids-50g\"\u003etoothpaste\u003c/a\u003e and baby lip balms, are thoughtfully formulated with high-quality ingredients. You can check out the Mamaearth all products with price on the website and below listed table too.\u003c/li\u003e\r\n\u003c/ol\u003e\r\n\u003ch3\u003eOur Bestsellers \u003c/h3\u003e\r\n\u003cp\u003eOnion hair oil - Our \u003ca href=\"https://mamaearth.in/product/onion-hair-oil-for-hair-regrowth-hair-fall-control-with-redensyl-250ml\"\u003eOnion Hair Oil\u003c/a\u003e is a new formula for stronger and healthier hair. Its lightweight and non-sticky formula help reduce hair fall and accelerate new hair cells. In addition, the nourishing ingredient Redensyl unblocks hair follicles and promotes hair regrowth. It’s time to welcome stronger and healthier hair.\u003c/p\u003e\r\n\u003cp\u003eOnion Shampoo - This nourishing \u003ca href=\"https://mamaearth.in/product/onion-shampoo-for-hair-growth-and-hair-fall-control-with-onion-oil-and-plant-keratin-400ml\"\u003eonion shampoo\u003c/a\u003e promotes hair growth and deeply cleanses the hair by providing 22% more foam without toxins or harmful chemicals. With up to eight times more detangling action and four times more conditioning effect, this hair cleanser is a must-have in your hair care regimen. \u003c/p\u003e\r\n\u003cp\u003eUbtan Face Wash - Mamaearth \u003ca href=\"https://mamaearth.in/product/ubtan-face-wash-with-turmeric-saffron-for-tan-removal-150-ml\"\u003eUbtan Face Wash\u003c/a\u003e is yet another of your best sellers known to rejuvenate tanned skin and undo the signs of aging. Formulated with ingredients like turmeric and saffron, it gives you glowing skin. Antioxidants in turmeric also prevent free radical damage, carrot seeds brighten skin tone, and walnut beads exfoliate dead skin cells.\u003c/p\u003e\r\n\u003cp\u003e\u003ca href=\"https://mamaearth.in/product/tea-tree-face-wash\"\u003eTea Tree Face Wash\u003c/a\u003e - With the natural blend of Neem and Tea Tree oil, this tea tree face wash helps prevent acne and pimples by deep cleansing, which removes impurities, unclogs pores, fights bacteria, and controls the production of excess oil. In addition, Aloe Vera soothes any redness or irritation in this \u003ca href=\"https://mamaearth.in/product/tea-tree-foaming-face-wash-with-tea-tree-salicylic-acid-for-acne-pimples-150ml\"\u003esalicylic acid face wash\u003c/a\u003e. \u003c/p\u003e\r\n\u003cp\u003eVitamin C Face Wash - Want to get rid of excess oil, dirt, and grime on your face? Our \u003ca href=\"https://mamaearth.in/product/vitamin-c-face-wash-with-vitamin-c-and-turmeric-for-skin-illumination-250ml\"\u003eVitamin C Face Wash\u003c/a\u003e, made with the goodness of Vitamin C, Turmeric, and Aloe Vera, will provide a natural glow to your skin. It helps repair the facial skin by boosting collagen production and blood circulation.\u003c/p\u003e\r\n\u003cp\u003eCharcoal Face Wash - Bring out the healthy and glowing skin in you with the goodness of \u003ca href=\"https://mamaearth.in/product/best-charcoal-face-wash\"\u003eCharcoal Face Wash\u003c/a\u003e. Enriched with Activated Charcoal, Clay, Tea Tree Oil, and Coffee, it draws out dirt, impurities, microparticles, makeup, sweat, excess oil and leaves the skin clean, fresh, and happy. \u003c/p\u003e\r\n\u003cp\u003eHyperpigmentation cream - A special formulation of Mulberry extract, Vitamin C, and Daisy Flower Extract prevents melanin synthesis and gives you soft and clear skin. This \u003ca href=\"https://mamaearth.in/product/bye-bye-blemishes-face-cream-for-pigmentation-blemish-removal-with-mulberry-extract-vitamin-c-30ml\"\u003epigmentation cream\u003c/a\u003e gently reduces dark patches and gives you an even skin tone. It has a nongreasy formula that is quickly absorbed by your skin.\u003c/p\u003e\r\n\u003cp\u003eVitamin C Under Eye Cream - Bid goodbye to under-eye dullness, dark circles, and hyperpigmentation with our \u003ca href=\"https://mamaearth.in/product/vitamin-c-under-eye-cream-for-dark-circles-with-vitamin-c-gotu-kola-for-brightening-under-eyes-20-ml\"\u003eUnder Eye Cream\u003c/a\u003e enriched with Vitamin C, Hyaluronic Acid, Niacinamide, and Gotu Kola. This eye cream contains under-eye massages that depuff the eye and increase blood circulation. \u003c/p\u003e\r\n\u003cp\u003e\u003ca href=\"https://mamaearth.in/product/rosemary-hair-growth-oil-150ml\"\u003eRosemary Oil\u003c/a\u003e - Take control of your hair care plans! Try Mamaearth’s Rosemary Hair Growth Oil, it features Rosemary and Methi Dana that promote hairgrowth and stimulate hair growth. This toxin-free hair oil also helps control excessivehair fall and strengthens hair roots.\u003c/p\u003e\r\n\u003cp\u003e\u003ca href=\"https://mamaearth.in/product/multani-mitti-face-wash-with-multani-mitti-bulgarian-rose-for-oil-control-acne-100-ml\"\u003eMultani Mitti Face Wash\u003c/a\u003e - Sensitive skin? Facing acne and pimples? Sign upfor the best skincare experience with our all-new Multani Mitti Face Wash. It featuresMultani Mitti and Bulgarian Rose that control excess oil to reduce acne andpromote hydration. \u003ca href=\"https://mamaearth.in/sitemap.xml\"\u003eSitemap\u003c/a\u003e\u003c/p\u003e\r\n\u003chr /\u003e\r\n\u003ch3\u003eMost Searched Natural Ingredients for Skin Care and Hair Care:\u003c/h3\u003e\r\n\u003cp\u003e\u003ca href=\"https://mamaearth.in/product-category/onion-products\"\u003eOnion Products for Hair\u003c/a\u003e, \u003ca title=\"Henna for Hair\" href=\"https://mamaearth.in/product-category/henna-range\"\u003eHenna for Hair\u003c/a\u003e, \u003ca title=\"Rice Water Products\" href=\"https://mamaearth.in/product-category/rice-range\"\u003eRice Water Products\u003c/a\u003e, \u003ca title=\"Ubtan Products\" href=\"https://mamaearth.in/product-category/ubtan\"\u003eUbtan Products\u003c/a\u003e, \u003ca title=\"Vitamin C Products\" href=\"https://mamaearth.in/product-category/vitamin-c\"\u003eVitamin C Products\u003c/a\u003e, \u003ca title=\"Green Tea Products\" href=\"https://mamaearth.in/product-category/green-tea\"\u003eGreen Tea Products\u003c/a\u003e, \u003ca title=\"Skin Hydration Products\" href=\"https://mamaearth.in/product-category/aqua-glow-range\"\u003eSkin Hydration Products\u003c/a\u003e, \u003ca title=\"Tea Tree Products\" href=\"https://mamaearth.in/product-category/tea-tree-range\"\u003eTea Tree Products\u003c/a\u003e, \u003ca title=\"Charcoal Products\" href=\"https://mamaearth.in/product-category/charcoal-range\"\u003eCharcoal Products\u003c/a\u003e, \u003ca title=\"Coffee Products\" href=\"https://mamaearth.in/product-category/coco\"\u003eCoffee Products\u003c/a\u003e, \u003ca title=\"Argan Care Range Products\" href=\"https://mamaearth.in/product-category/argan-range\"\u003eArgan Care Range Products\u003c/a\u003e, \u003ca title=\"Apple Cider Vinegar for Hair\" href=\"https://mamaearth.in/product-category/apple-cider-vinegar\"\u003eApple Cider Vinegar for Hair and Skin\u003c/a\u003e, \u003ca title=\"Retinol Products\" href=\"https://mamaearth.in/product-category/retinol\"\u003eRetinol Products\u003c/a\u003e, \u003ca title=\"Honey and Malai\" href=\"https://mamaearth.in/product-category/honey-malai\"\u003eHoney and Malai\u003c/a\u003e, \u003ca title=\"Amla Products for Hair\" href=\"https://mamaearth.in/product-category/bhringamla\"\u003eAmla Products for Hair\u003c/a\u003e, \u003ca href=\"https://mamaearth.in/product-category/nude-shade-lipstick\"\u003eNude Lipstick Shades\u003c/a\u003e\u003c/p\u003e\r\n\u003chr /\u003e\r\n\u003ch2\u003eMamaearth Products Price List in India\u003c/h2\u003e\r\n\u003ctable style=\"height: 306px;\"\u003e\r\n\u003ctbody\u003e\r\n\u003ctr\u003e\r\n\u003cth\u003eMamaearth\u003c/th\u003e\r\n\u003cth style=\"height: 18px; width: 48.8333px;\"\u003ePrice\u003c/th\u003e\r\n\u003c/tr\u003e\r\n\u003ctr\u003e\r\n\u003ctd style=\"height: 36px; width: 496.5px;\"\u003e\u003ca href=\"https://mamaearth.in/product/baby-face-cream\"\u003eBaby Cream\u003c/a\u003e\u003c/td\u003e\r\n\u003ctd style=\"height: 36px; width: 48.8333px;\"\u003eRs. 199\u003c/td\u003e\r\n\u003c/tr\u003e\r\n\u003ctr\u003e\r\n\u003ctd style=\"height: 36px; width: 496.5px;\"\u003e\u003ca href=\"https://mamaearth.in/product/buy-baby-lotion-online\"\u003eBaby Lotion\u003c/a\u003e\u003c/td\u003e\r\n\u003ctd style=\"height: 18px; width: 48.8333px;\"\u003eRs. 199\u003c/td\u003e\r\n\u003c/tr\u003e\r\n\u003ctr\u003e\r\n\u003ctd style=\"height: 36px; width: 496.5px;\"\u003e\u003ca href=\"https://mamaearth.in/product/oil-free-face-moisturizer-with-apple-cider-vinegar-for-acne-prone-skin\"\u003eOil Free Moisturizer\u003c/a\u003e\u003c/td\u003e\r\n\u003ctd style=\"height: 18px; width: 48.8333px;\"\u003eRs. 299\u003c/td\u003e\r\n\u003c/tr\u003e\r\n\u003ctr\u003e\r\n\u003ctd style=\"height: 36px; width: 496.5px;\"\u003e\u003ca href=\"https://mamaearth.in/product/onion-hair-oil-for-hair-regrowth-hair-fall-control-with-redensyl-250ml\"\u003eHair Growth Oil\u003c/a\u003e\u003c/td\u003e\r\n\u003ctd style=\"height: 36px; width: 48.8333px;\"\u003eRs. 599\u003c/td\u003e\r\n\u003c/tr\u003e\r\n\u003ctr\u003e\r\n\u003ctd style=\"height: 36px; width: 496.5px;\"\u003e\u003ca href=\"https://mamaearth.in/product/ultra-light-indian-sunscreen\"\u003eSunscreen Spf 50\u003c/a\u003e\u003c/td\u003e\r\n\u003ctd style=\"height: 36px; width: 64px;\"\u003eRs. 499\u003c/td\u003e\r\n\u003c/tr\u003e\r\n\u003c/tbody\u003e\r\n\u003c/table\u003e\r\n\u003cp\u003e \u003c/p\u003e\r\n\u003cp\u003e \u003c/p\u003e","description":null},"name":"Home Page Carousels","description":null,"url":"https://mamaearth.in/product/home-page-carousels","videos":[]},"popUpData":false,"enableReferral":true,"recentlyViewedProducts":false,"showPopResponse":false,"showOrderId":null,"isMobile":false,"customerData":false,"checkCustomer":true,"giAutoAddFlag":false,"showShippingPopup":false,"abExperiment":false,"newCart":true,"searchKey":"","debouncedKey":"","trending":[],"rpStandardFlagAb":false,"couponPopupOnMRP":false},"nps":{"loading":false,"error":false,"data":{"rating":0,"ratingData":null,"ratingDataCollection":null,"isRatingTriggered":false,"feedbackSuccessPopUp":false,"npsType":null,"orderId":false,"source":"Comms"}},"recommendation":{"loading":false,"error":false,"data":{"questionBank":[],"isProducts":false,"productsData":null,"currentSlide":0}}},"seoData":{"url_key":"home-page-carousels","meta_title":"Mamaearth OMG Sale Ends Tonight with Buy1 Get1 Free Offer","meta_keyword":"mamaearth. mama earth, Mamaearth products, mamaearth honasa, mama earth, mamaarth product, mama earth products list, does mamaearth products work for oily skin, is mama earth products are good, mama earth ka product, mama earth ke product, mama product, mamaearth cosmetics review, mamaearth products list","meta_description":"Mamaearth OMG Sale is live with Buy 1 Get 1 Free on toxin-free skin \u0026 hair care, and makeup products. Limited time! Use code OMG to save now.","name":"Home Page Carousels","canonicalUrl":null,"faq":[{"question":"Is mamaearth good for skin and hair?","answer":"Yes, Mamaearth is a trustworthy brand for all your skin and hair care needs. "},{"question":"Are Mamaearth products good?","answer":"Yes. Mamaearth products are curated with utmost care and attention. All products are made of safe, gentle, and natural ingredients and free of toxins or harmful chemicals. "},{"question":"What is Mamaearth?","answer":"Mamaearth is a nurturing brand by parents for parents. It makes safe and gentle skin-friendly products as per stringent international standards. The brand also develops a diverse range of products your skin and hair care needs. "},{"question":"Are Mamaearth products safe?","answer":"All the products of Mamaearth are non-toxic and safe to be used for your little ones. We abstain from using paraben, sulfates, artificial colorants, and fragrances in our makings. "},{"question":"Are Mamaearth products available in stores?","answer":"Yes, Mamaearth products are available on Online and Offline channels. "},{"question":"Is Mamaearth an India brand?","answer":"Yes, Mamaearth is an Indian brand. Varun and Ghazal Alagh co-founded it in 2016 to provide toxin-free, natural baby care, skincare, and hair care products. "},{"question":"From where can I buy Mamaearth products?","answer":"You can check out our official website to place your order or buy from the stores. Our mama product are also available in stores."},{"question":"Are Mamaearth hair products good?","answer":"Yes. Our hair products are clinically tested and approved. "},{"question":"Are Mamaearth beauty products tested on animals?","answer":"Our products are PETA certified, which means they are not tested on animals."},{"question":"Is Mamaearth packaging environmentally friendly?","answer":"We are deeply committed to making environmentally sustainable choices: we ensure that we recycle twice as much plastic as we use."},{"question":"Does Mamaearth products work for all types of skin?","answer":"Yes, Mamaearth products works well for all skin types as they are made of natural ingredients and treats your skin with natural care and benefits."},{"question":"What is the Mama earth products price ranges in India?","answer":"The Mamaearth products price range in India varies from products and quantity. Like Onion oil costs INR 419/- for 150 ml and Ultra light indian sunscreen costs INR 499/- for 80 ml. You can check the Mamaearth all products with price on the website and get your choosen one for you."}],"footerContent":"\u003ch1\u003eGet your hands on Nature-Inspired Mamaearth Products \u003c/h1\u003e\r\n\u003cp\u003eMamaearth is the one of the most trustworthy brands in India. Mamaearth \u003cstrong\u003eOMG Sale is live\u003c/strong\u003e with \u003cstrong\u003eBuy 1 Get 1 Free\u003c/strong\u003e on toxin-free skin \u0026amp; hair care, and makeup products. Limited time! Use code \u003ca href=\"https://mamaearth.in/omg\"\u003e\u003cstrong\u003eOMG\u003c/strong\u003e\u003c/a\u003e to save now. It offers the best-in-class skincare products to help you discover the essence of beauty with the Goodness of Nature. We are also Asia’s first brand to be accoladed with Made Safe Certification for our beauty products.Our products are made using safe, pure, gentle, natural, and toxin-free ingredients. We work with skincare experts to make the best natural \u003ca href=\"https://mamaearth.in/product-category/skin\"\u003eskin care products \u003c/a\u003efor men and women to offer you the best skincare experience.\u003c/p\u003e\r\n\u003cp\u003eWe are a brand by the parents and for the parents because we offer safe and gentle \u003cstrong\u003ebaby skin care products\u003c/strong\u003e through world-class research to solve every little problem of parents. To make Mama product that are especially mum-friendly, we curate our \u003cstrong\u003etoxic free\u003c/strong\u003e, \u003cstrong\u003eharmful chemical-free\u003c/strong\u003e, paraben-free products with utmost care and precision. We are your one-stop shop for beauty, skin, hair, and baby care needs. Explore \u003cstrong\u003eMamaearth official website\u003c/strong\u003e and choose from an array of products for your beauty care regimen. \u003cstrong\u003eMamaearth online shopping \u003c/strong\u003estore offers you complete convenience. You can view your favorite picks in one place at Mamaearth Honasa website. Our user-friendly interface will guide you through the product information to make the best buying decisions. Buy now!\u003c/p\u003e\r\n\u003ch2\u003eDownload Mamaearth App for iOS and Android today!\u003c/h2\u003e\r\n\u003cp\u003eWe welcome you to download our all-new Mamaearth app for your iPhone or Android smartphone. It offers you the best online shopping experience so you could place your order from the comfort of your home.\u003c/p\u003e\r\n\u003cp\u003eOur app features bank-grade security for safe and instant payment gateways. All you thus need to make an order with us is to select the product(s) of your choice, add them to cart, input your address, and make a successful payment- and we will take it up from there.\u003c/p\u003e\r\n\u003cp\u003eDownload Mamaearth App Now for \u003ca href=\"https://play.google.com/store/apps/details?id=com.mamaearthapp\u0026amp;hl=en_IN\u0026amp;gl=US\" rel=\"noindex, nofollow\"\u003eAndroid\u003c/a\u003e and \u003ca href=\"https://apps.apple.com/in/app/mamaearth-online-shopping-app/id1530385461\" rel=\"noindex, nofollow\"\u003eiOS\u003c/a\u003e. Visit Honasa Consumer Ltd website to know more.\u003c/p\u003e\r\n\u003ch2\u003eAbout Mamaearth Skincare Range\u003c/h2\u003e\r\n\u003cp\u003eDeciphering a skincare routine is overwhelming at times. With so many options available, it becomes tough to understand what your skin truly needs. Our sedentary lifestyle has impacted skin's health, leaving it dull, and damaged. With the Goodness of Nature, it is possible to help protect the skin, boost radiance, prevent blemishes, and reverse the damage. You can check mama earth products list as our mama earth organics top-of-the-line products, such as \u003ca href=\"https://mamaearth.in/product-category/sunscreen\"\u003esunscreen\u003c/a\u003e, and \u003ca href=\"https://mamaearth.in/product/bye-bye-dark-circles-eye-cream-with-cucumber-peptides-for-dark-circles-20ml\"\u003edark circles removal cream\u003c/a\u003e come enriched with natural ingredients and good Mama earth products price list to help get radiant skin complexion. \u003c/p\u003e\r\n\u003cp\u003eHere's what you can expect in our skincare range:\u003c/p\u003e\r\n\u003col\u003e\r\n\u003cli\u003e\u003ca href=\"https://mamaearth.in/product-category/face-wash\"\u003eFace wash\u003c/a\u003e - The first step to cultivating a great skincare regimen is to pick up a face cleanser that fits your skin type. We bring you a wide range of options comprising Vitamin C Foaming Face Wash, Charcoal Face Wash, \u003ca href=\"https://mamaearth.in/product/retinol-face-wash-with-retinol-bakuchi-for-fine-lines-and-wrinkles-100-ml\"\u003eRetinol Face Wash\u003c/a\u003e, \u003ca href=\"https://mamaearth.in/product/multani-mitti-face-wash-with-multani-mitti-bulgarian-rose-for-oil-control-acne-100-ml\"\u003eMultani Mitti Face Wash\u003c/a\u003e, and \u003ca href=\"https://mamaearth.in/product/micellar-water-foaming-makeup-remover-with-rose-water-glycolic-acid-for-makeup-cleansing-150-ml\"\u003eMicellar Water Foaming Makeup Remover\u003c/a\u003e. \u003c/li\u003e\r\n\u003cli\u003eFace Scrub - \u003ca href=\"https://mamaearth.in/product-category/face-scrub\"\u003eFace scrub\u003c/a\u003e are a luxurious addition to the beauty arsenal. Pick from our range of Face scrubs, including CoCo Face Scrub, Vitamin C Face Scrub, and \u003ca href=\"https://mamaearth.in/product/ubtan-scrub-for-face-with-turmeric-walnut-for-tan-removal-100g\"\u003eUbtan Face Scrub\u003c/a\u003e, for that refreshing look after a long tiring day. \u003c/li\u003e\r\n\u003cli\u003eFace Mask - A facial mask can be a great tool to have in your beauty arsenal. Our diverse \u003ca href=\"https://mamaearth.in/product-category/face-mask\"\u003eface mask\u003c/a\u003e range includes- Mamaearth Ubtan Face Mask, \u003ca href=\"https://mamaearth.in/product/vitamin-c-sleeping-mask-with-aloe-vera-for-skin-illumination-100-g\"\u003eVitamin C Sleeping Mask\u003c/a\u003e,  \u003ca href=\"https://mamaearth.in/product/buy-charcoal-face-mask\"\u003echarcoal face mask\u003c/a\u003e, C3 Face Mask, and Neem Face Mask for different skin woes. \u003c/li\u003e\r\n\u003cli\u003e\u003ca href=\"https://mamaearth.in/product-category/face-toner\"\u003eFace Toner\u003c/a\u003e - An effective AM-PM routine begins with Cleansing-Toning-Moisturizing. For that refreshed look on your face, you may try our Ubtan \u003ca href=\"https://mamaearth.in/product/ubtan-cleansing-milk-for-face-with-turmeric-saffron-for-gentle-cleansing-100ml\"\u003eCleansing Milk\u003c/a\u003e with Turmeric and Saffron for Gentle Cleansing, or Vitamin C Face Toner and Rose Face Toner to minimize enlarged pores.\u003c/li\u003e\r\n\u003cli\u003eFace Cream - We have a wide range of \u003ca href=\"https://mamaearth.in/product-category/face-cream\"\u003eface cream\u003c/a\u003e for anti-aging, \u003ca href=\"https://mamaearth.in/product/mamaearth-combos-skin-lightening-and-brightening-combo\"\u003ewhitening cream\u003c/a\u003e and hyperpigmentation, \u003ca href=\"https://mamaearth.in/product/tan-removal-regimen\"\u003etan removal cream\u003c/a\u003e. We also have the best day and \u003ca href=\"https://mamaearth.in/product-category/night-cream\"\u003enight cream\u003c/a\u003e- Mamaearth \u003ca href=\"https://mamaearth.in/product-category/dark-spot-removal-face-cream\"\u003edark spot removal cream\u003c/a\u003e, \u003ca href=\"https://mamaearth.in/product/retinol-night-cream-for-women-with-retinol-bakuchi-for-anti-aging-fine-lines-and-wrinkles-50-g\"\u003eRetinol Cream\u003c/a\u003e, Aqua Glow Face Moisturizer, \u003ca href=\"https://mamaearth.in/product/anti-acne-kit\"\u003epimple cream\u003c/a\u003e, etc.\u003c/li\u003e\r\n\u003cli\u003eFace Gel - Along with adding a stroke of hydration to your face, \u003ca href=\"https://mamaearth.in/product-category/face-gel\"\u003eface gel\u003c/a\u003e can make your face skin look energized, bright, and clean. Our \u003ca href=\"https://mamaearth.in/product/aloe-vera-gel-for-face-with-pure-aloe-vera-vitamin-e-for-skin-and-hair-300ml\"\u003eAloe Vera Gel\u003c/a\u003e is a host of benefits for different skin woes. Packed with ingredients like Hyaluronic Acid, Aloe Vera, Vitamin E, and Glycerin, our face gels soothe your skin, seal in moisture, and improve the texture of your skin. \u003c/li\u003e\r\n\u003cli\u003eFace serum - It’s time to amp your skincare regimen with the Mamaearth \u003ca href=\"https://mamaearth.in/product-category/face-serum\"\u003eface serum\u003c/a\u003e range. Our best-selling \u003ca href=\"https://mamaearth.in/product/mamaearth-retinol-face-serum\"\u003eRetinol Serum\u003c/a\u003e, Skin Illuminate Face Serum, \u003ca href=\"https://mamaearth.in/product/10-vitamin-c-face-serum-essence-serum-with-vitamin-c-and-gotu-kola-for-skin-illumination-30ml\"\u003evitamin c serum\u003c/a\u003e gives you a radiant glow. Besides, Aqua Glow Face Serum range gives your skin a 72-hour long boost of hydration and \u003ca href=\"https://mamaearth.in/product/skin-correct-face-serum-with-niacinamide-and-ginger-extract-for-acne-marks-scars-30-ml\"\u003eniacinamide serum\u003c/a\u003e helps reduces acne marks. \u003c/li\u003e\r\n\u003cli\u003eLip Balm - Our tinted \u003ca href=\"https://mamaearth.in/product-category/lip-balm\"\u003elip balm\u003c/a\u003e keep your lips super moisturized for 12 hours. Pick from a wide range of options- Vitamin C and Honey, Turmeric and Saffron, Rose Oil and Castor Oil, Cherry and Coconut Oil, and CoCo. Its easy application formula gives you naturally soft lips in just one glide. You can also try the Mamaearth \u003ca href=\"https://mamaearth.in/product/moisture-matte-long-stay-lipsticks-2-g-cinnamon-nude\"\u003eNude Lipstick\u003c/a\u003e.\u003c/li\u003e\r\n\u003cli\u003e\u003ca href=\"https://mamaearth.in/product-category/eye-kajal\"\u003eEye Kajal\u003c/a\u003e - Let everyone notice your beautiful eyes with our Charcoal Black Long Stay \u003ca href=\"https://mamaearth.in/product/charcoal-black-long-stay-kajal-with-vitamin-c-chamomile\"\u003eKajal\u003c/a\u003e. Its waterproof and smudge-free formula gives your eyes a glossy sheen for 11 hours straight. It is also India’s first Made Safe certified Kajal that contains no toxins or harmful chemicals.\u003c/li\u003e\r\n\u003c/ol\u003e\r\n\u003ch2\u003eAbout Mamaearth Hair Care Range\u003c/h2\u003e\r\n\u003cp\u003eUsing the right hair products can make a big difference in your hair care regimen. Pollution, stress, and inadequate nutrition can leave your hair looking dull and lifeless. The best solution is to use safe and gentle \u003ca href=\"https://mamaearth.in/product-category/hair\"\u003ehair care\u003c/a\u003e products that nourish your scalp and treat dull and frizzy hair. Our mamaarth products are thoughtfully formulated with potent ingredients to address common hair care issues. \u003c/p\u003e\r\n\u003col\u003e\r\n\u003cli\u003e\u003ca href=\"https://mamaearth.in/product-category/hair-oil\"\u003eHair Oil\u003c/a\u003e - Our hair oils are made with time-tested ingredients like Bhringraj, Amla, \u003ca href=\"https://mamaearth.in/product/almond-hair-oil-with-cold-pressed-almond-oil-vitamin-e-for-healthy-hair-growth-150-ml\"\u003ealmond oil for hair\u003c/a\u003e,  Coconut, Rice Bran, \u003ca href=\"https://mamaearth.in/product/100-pure-natural-cold-pressed-castor-oil-for-healthier-skin-hair-nails-150ml\"\u003eCastor Oil\u003c/a\u003e to prevent \u003ca href=\"https://mamaearth.in/product-category/hairfall\"\u003ehair fall\u003c/a\u003e, gray hair, and dry and flaky skin. You can also check out the \u003ca href=\"https://mamaearth.in/product/hairfall-control-kit\"\u003ehair fall control\u003c/a\u003e and BhringAmla range, which contains 15 rare Ayurvedic herbs to nourish your scalp and strengthen your hair. \u003c/li\u003e\r\n\u003cli\u003e\u003ca href=\"https://mamaearth.in/product-category/hair-shampoo\"\u003eHair Shampoo\u003c/a\u003e - Mamaearth shampoos are made with nutrient-rich ingredients like Argan Oil, Milk Protein, Tea-tree, Red Onion Seed, and Avocado Oil. Our Mamaearth Tea Tree Shampoo treats dry and itchy scalp, \u003ca href=\"https://mamaearth.in/product-category/anti-dandruff-shampoo\"\u003eanti dandruff shampoo\u003c/a\u003e helps clear dandruff, while our Rice Water Shampoo Keratin is best for damaged hair. And \u003ca href=\"https://mamaearth.in/product/rice-water-hair-mask-with-rice-water-keratin-for-smoothening-hair-damage-repair-200-g\"\u003erice water for hair\u003c/a\u003e makes hair silky smooth Also, check out our \u003ca href=\"https://mamaearth.in/product-category/anti-dandruff-shampoo\"\u003ebest dandruff shampoo\u003c/a\u003e range for dandruff treatment. \u003c/li\u003e\r\n\u003cli\u003eHair Conditioner - A \u003ca href=\"httpS://mamaearth.in/product-category/hair-conditioner\"\u003ehair conditioner\u003c/a\u003e is a must if you want a long, shiny, and lustrous mane without having to visit a salon. We have many conditioners that repair your strands and add vitality. You can shop from an exclusive range of conditioners- Onion, Almond, BhringAmla, Apple Cider Vinegar, and so on.\u003c/li\u003e\r\n\u003cli\u003eHair Mask - Our \u003ca href=\"https://mamaearth.in/product-category/hair-mask\"\u003ehair mask\u003c/a\u003e are packed with rich ingredients to strengthen your hair and enhance its texture. Some of the options you can choose from our Argan Hair Mask, Tea Tree Anti-Dandruff Hair Mask, Onion Hair Mask, and Almond Hair Mask. \u003c/li\u003e\r\n\u003c/ol\u003e\r\n\u003cp\u003eYou can also try our rich hair serum range and \u003ca href=\"https://mamaearth.in/product-category/lipsticks\"\u003elipstick shades\u003c/a\u003e. Our \u003ca href=\"https://mamaearth.in/product-category/hair-serum\"\u003eHair Serum\u003c/a\u003e is 100% natural and non-toxic, making them your go-to option for frizzy and unmanageable hair.\u003c/p\u003e\r\n\u003ch2\u003eAbout Mamaearth Body Care Range\u003c/h2\u003e\r\n\u003cp\u003eWhen it comes to beauty, your body also needs a little Treatment-Love-Care. Just as you need a face cleanser, exfoliator, and \u003ca href=\"https://mamaearth.in/product-category/face-moisturizer\"\u003emoisturizer\u003c/a\u003e for your face, you should also use body care products for the skin below your neck. \u003c/p\u003e\r\n\u003col\u003e\r\n\u003cli\u003eBody Wash - A hydrating \u003ca href=\"https://mamaearth.in/product-category/body-wash\"\u003ebody wash\u003c/a\u003e is a must to help restore skin moisture. Our Ubtan Body Wash offers the goodness of time-tested ingredients like Turmeric, Saffron, and Walnut Beads. The blend of natural ingredients gently exfoliates your skin and leaves it feeling soft and supple. You can also try Vitamin C Body Wash, Charcoal Body Wash, \u003ca href=\"https://mamaearth.in/product/charcoal-nourishing-bathing-soap-with-charcoal-and-mint-for-deep-cleansing-5x75g\"\u003echarcoal soap\u003c/a\u003e, and CoCo Nourishing Bathing Soaps. \u003c/li\u003e\r\n\u003cli\u003eBody Butter - Our body butter deeply nourishes your skin and creates a protective layer. Our body butter creams also help fight dryness, dullness, and skin darkening. Our best-selling products include CoCo Body Butter for Dry Skin and Ubtan Body Butter for Deep Nourishment.\u003c/li\u003e\r\n\u003cli\u003e\u003ca href=\"https://mamaearth.in/product-category/body-lotion\"\u003eBody Lotion\u003c/a\u003e - Say goodbye to dull and dry skin this winter. Our best-selling Vitamin C Body Lotion is ideal for all skin types, \u003ca href=\"https://mamaearth.in/product/stretch-marks-removal-cream\"\u003estretch mark removal cream\u003c/a\u003e helps remove stretch marks, while the other ranges- Ubtan Body Lotion CoCo Body Lotions also help lock in moisture to keep your skin hydrated. \u003c/li\u003e\r\n\u003cli\u003eHand Cream - Battling dry and rough skin on your hands? Try hand cream – it is enriched with ingredients like Shea Butter, Honey, Turmeric, Aloe Vera, Coconut Oil, Apricot Oil, and Vitamin C. Not only do our creams help nourish your skin, but this formula also kills 99% of germs and effortlessly helps sanitize your hands. \u003c/li\u003e\r\n\u003cli\u003eBody Scrub - Our nature-inspired \u003ca href=\"https://mamaearth.in/product-category/body-scrub\"\u003ebody scrub\u003c/a\u003e gently polish your skin, irresistibly giving you smooth and supple skin. Our Ubtan Body Scrub is made with time-tested ingredients like Turmeric, Saffron, and Walnut Beads to give your skin a soft and supple texture. Also, our Neem Body Scrub made with Neem and Tulsi deeply exfoliates your skin.  \u003c/li\u003e\r\n\u003cli\u003eMamaearth's Deo helps you stay closer to yourself because it creates a fragrance as unique as you are. We welcome you to try out our exclusive range of \u003ca href=\"https://mamaearth.in/product-category/perfume\"\u003eperfume\u003c/a\u003e today\u003c/li\u003e\r\n\u003c/ol\u003e\r\n\u003ch2\u003eAbout Mamaearth Baby Care Range\u003c/h2\u003e\r\n\u003cp\u003eWhen it comes to your little munchkin, you would not want to settle on anything but the best. So, we are committed to crafting 100% safe and natural products that are gentle on your baby’s skin. \u003c/p\u003e\r\n\u003col\u003e\r\n\u003cli\u003e\u003ca href=\"https://mamaearth.in/product-category/baby-bath\"\u003eBaby Bath Products\u003c/a\u003e - Our baby bath care range includes baby washes, baby shampoo, and bathing bars to make bath time a fun time for your little munchkin. Mamaearth baby products are tear-free formulas made with nourishing ingredients that deeply hydrate and help balance the baby’s skin and pH levels. Also, check out our \u003ca href=\"https://mamaearth.in/product/mamaearth-moisturizing-baby-soap-bar\"\u003ebath soap\u003c/a\u003e and \u003ca href=\"https://mamaearth.in/product/dusting-powder-babies\"\u003edusting powder\u003c/a\u003e which is best for dry \u0026amp; irritated skin. \u003c/li\u003e\r\n\u003cli\u003e\u003ca href=\"https://mamaearth.in/product-category/baby-skin\"\u003eBaby Skincare Products\u003c/a\u003e - We have a wide range of the best \u003ca href=\"https://mamaearth.in/product-category/for-babies\"\u003ebaby care products \u003c/a\u003eavailable on the Mamaearth website - baby lotions, creams, \u003ca href=\"https://mamaearth.in/product/soothing-massage-oil-for-babies-with-sesame-almond-jojoba-oil\"\u003emassage oil\u003c/a\u003e, and powders. Free from any toxins and harmful chemicals, our Made Safe Certified baby care range and \u003ca href=\"https://mamaearth.in/product/natural-insect-repellent\"\u003emosquito repellent\u003c/a\u003e is dermatologically tested for your baby’s sensitive skin.  \u003c/li\u003e\r\n\u003cli\u003e\u003ca href=\"https://mamaearth.in/product-category/baby-diaper\"\u003eBaby Diaper\u003c/a\u003e - Our plant-based diapers are gentle on your baby’s skin and safe for the environment too. You can also get started with our Organic \u003ca href=\"https://mamaearth.in/product/baby-wipes-online-india\"\u003ewet wipes\u003c/a\u003e - Bamboo Based Baby Wipes and Milky Soft Diaper Rash Cream. Our diapers are made from corn starch and free from latex, fragrance, and chlorine that let your baby stay healthy and happy all day long. \u003c/li\u003e\r\n\u003cli\u003e\u003ca href=\"https://mamaearth.in/product-category/baby-oral-care\"\u003eOral Care\u003c/a\u003e - Now you can protect your little one’s teeth naturally. All oral care products, including \u003ca href=\"https://mamaearth.in/product/fruit-punch-toothpaste-for-kids-50g\"\u003etoothpaste\u003c/a\u003e and baby lip balms, are thoughtfully formulated with high-quality ingredients. You can check out the Mamaearth all products with price on the website and below listed table too.\u003c/li\u003e\r\n\u003c/ol\u003e\r\n\u003ch3\u003eOur Bestsellers \u003c/h3\u003e\r\n\u003cp\u003eOnion hair oil - Our \u003ca href=\"https://mamaearth.in/product/onion-hair-oil-for-hair-regrowth-hair-fall-control-with-redensyl-250ml\"\u003eOnion Hair Oil\u003c/a\u003e is a new formula for stronger and healthier hair. Its lightweight and non-sticky formula help reduce hair fall and accelerate new hair cells. In addition, the nourishing ingredient Redensyl unblocks hair follicles and promotes hair regrowth. It’s time to welcome stronger and healthier hair.\u003c/p\u003e\r\n\u003cp\u003eOnion Shampoo - This nourishing \u003ca href=\"https://mamaearth.in/product/onion-shampoo-for-hair-growth-and-hair-fall-control-with-onion-oil-and-plant-keratin-400ml\"\u003eonion shampoo\u003c/a\u003e promotes hair growth and deeply cleanses the hair by providing 22% more foam without toxins or harmful chemicals. With up to eight times more detangling action and four times more conditioning effect, this hair cleanser is a must-have in your hair care regimen. \u003c/p\u003e\r\n\u003cp\u003eUbtan Face Wash - Mamaearth \u003ca href=\"https://mamaearth.in/product/ubtan-face-wash-with-turmeric-saffron-for-tan-removal-150-ml\"\u003eUbtan Face Wash\u003c/a\u003e is yet another of your best sellers known to rejuvenate tanned skin and undo the signs of aging. Formulated with ingredients like turmeric and saffron, it gives you glowing skin. Antioxidants in turmeric also prevent free radical damage, carrot seeds brighten skin tone, and walnut beads exfoliate dead skin cells.\u003c/p\u003e\r\n\u003cp\u003e\u003ca href=\"https://mamaearth.in/product/tea-tree-face-wash\"\u003eTea Tree Face Wash\u003c/a\u003e - With the natural blend of Neem and Tea Tree oil, this tea tree face wash helps prevent acne and pimples by deep cleansing, which removes impurities, unclogs pores, fights bacteria, and controls the production of excess oil. In addition, Aloe Vera soothes any redness or irritation in this \u003ca href=\"https://mamaearth.in/product/tea-tree-foaming-face-wash-with-tea-tree-salicylic-acid-for-acne-pimples-150ml\"\u003esalicylic acid face wash\u003c/a\u003e. \u003c/p\u003e\r\n\u003cp\u003eVitamin C Face Wash - Want to get rid of excess oil, dirt, and grime on your face? Our \u003ca href=\"https://mamaearth.in/product/vitamin-c-face-wash-with-vitamin-c-and-turmeric-for-skin-illumination-250ml\"\u003eVitamin C Face Wash\u003c/a\u003e, made with the goodness of Vitamin C, Turmeric, and Aloe Vera, will provide a natural glow to your skin. It helps repair the facial skin by boosting collagen production and blood circulation.\u003c/p\u003e\r\n\u003cp\u003eCharcoal Face Wash - Bring out the healthy and glowing skin in you with the goodness of \u003ca href=\"https://mamaearth.in/product/best-charcoal-face-wash\"\u003eCharcoal Face Wash\u003c/a\u003e. Enriched with Activated Charcoal, Clay, Tea Tree Oil, and Coffee, it draws out dirt, impurities, microparticles, makeup, sweat, excess oil and leaves the skin clean, fresh, and happy. \u003c/p\u003e\r\n\u003cp\u003eHyperpigmentation cream - A special formulation of Mulberry extract, Vitamin C, and Daisy Flower Extract prevents melanin synthesis and gives you soft and clear skin. This \u003ca href=\"https://mamaearth.in/product/bye-bye-blemishes-face-cream-for-pigmentation-blemish-removal-with-mulberry-extract-vitamin-c-30ml\"\u003epigmentation cream\u003c/a\u003e gently reduces dark patches and gives you an even skin tone. It has a nongreasy formula that is quickly absorbed by your skin.\u003c/p\u003e\r\n\u003cp\u003eVitamin C Under Eye Cream - Bid goodbye to under-eye dullness, dark circles, and hyperpigmentation with our \u003ca href=\"https://mamaearth.in/product/vitamin-c-under-eye-cream-for-dark-circles-with-vitamin-c-gotu-kola-for-brightening-under-eyes-20-ml\"\u003eUnder Eye Cream\u003c/a\u003e enriched with Vitamin C, Hyaluronic Acid, Niacinamide, and Gotu Kola. This eye cream contains under-eye massages that depuff the eye and increase blood circulation. \u003c/p\u003e\r\n\u003cp\u003e\u003ca href=\"https://mamaearth.in/product/rosemary-hair-growth-oil-150ml\"\u003eRosemary Oil\u003c/a\u003e - Take control of your hair care plans! Try Mamaearth’s Rosemary Hair Growth Oil, it features Rosemary and Methi Dana that promote hairgrowth and stimulate hair growth. This toxin-free hair oil also helps control excessivehair fall and strengthens hair roots.\u003c/p\u003e\r\n\u003cp\u003e\u003ca href=\"https://mamaearth.in/product/multani-mitti-face-wash-with-multani-mitti-bulgarian-rose-for-oil-control-acne-100-ml\"\u003eMultani Mitti Face Wash\u003c/a\u003e - Sensitive skin? Facing acne and pimples? Sign upfor the best skincare experience with our all-new Multani Mitti Face Wash. It featuresMultani Mitti and Bulgarian Rose that control excess oil to reduce acne andpromote hydration. \u003ca href=\"https://mamaearth.in/sitemap.xml\"\u003eSitemap\u003c/a\u003e\u003c/p\u003e\r\n\u003chr /\u003e\r\n\u003ch3\u003eMost Searched Natural Ingredients for Skin Care and Hair Care:\u003c/h3\u003e\r\n\u003cp\u003e\u003ca href=\"https://mamaearth.in/product-category/onion-products\"\u003eOnion Products for Hair\u003c/a\u003e, \u003ca title=\"Henna for Hair\" href=\"https://mamaearth.in/product-category/henna-range\"\u003eHenna for Hair\u003c/a\u003e, \u003ca title=\"Rice Water Products\" href=\"https://mamaearth.in/product-category/rice-range\"\u003eRice Water Products\u003c/a\u003e, \u003ca title=\"Ubtan Products\" href=\"https://mamaearth.in/product-category/ubtan\"\u003eUbtan Products\u003c/a\u003e, \u003ca title=\"Vitamin C Products\" href=\"https://mamaearth.in/product-category/vitamin-c\"\u003eVitamin C Products\u003c/a\u003e, \u003ca title=\"Green Tea Products\" href=\"https://mamaearth.in/product-category/green-tea\"\u003eGreen Tea Products\u003c/a\u003e, \u003ca title=\"Skin Hydration Products\" href=\"https://mamaearth.in/product-category/aqua-glow-range\"\u003eSkin Hydration Products\u003c/a\u003e, \u003ca title=\"Tea Tree Products\" href=\"https://mamaearth.in/product-category/tea-tree-range\"\u003eTea Tree Products\u003c/a\u003e, \u003ca title=\"Charcoal Products\" href=\"https://mamaearth.in/product-category/charcoal-range\"\u003eCharcoal Products\u003c/a\u003e, \u003ca title=\"Coffee Products\" href=\"https://mamaearth.in/product-category/coco\"\u003eCoffee Products\u003c/a\u003e, \u003ca title=\"Argan Care Range Products\" href=\"https://mamaearth.in/product-category/argan-range\"\u003eArgan Care Range Products\u003c/a\u003e, \u003ca title=\"Apple Cider Vinegar for Hair\" href=\"https://mamaearth.in/product-category/apple-cider-vinegar\"\u003eApple Cider Vinegar for Hair and Skin\u003c/a\u003e, \u003ca title=\"Retinol Products\" href=\"https://mamaearth.in/product-category/retinol\"\u003eRetinol Products\u003c/a\u003e, \u003ca title=\"Honey and Malai\" href=\"https://mamaearth.in/product-category/honey-malai\"\u003eHoney and Malai\u003c/a\u003e, \u003ca title=\"Amla Products for Hair\" href=\"https://mamaearth.in/product-category/bhringamla\"\u003eAmla Products for Hair\u003c/a\u003e, \u003ca href=\"https://mamaearth.in/product-category/nude-shade-lipstick\"\u003eNude Lipstick Shades\u003c/a\u003e\u003c/p\u003e\r\n\u003chr /\u003e\r\n\u003ch2\u003eMamaearth Products Price List in India\u003c/h2\u003e\r\n\u003ctable style=\"height: 306px;\"\u003e\r\n\u003ctbody\u003e\r\n\u003ctr\u003e\r\n\u003cth\u003eMamaearth\u003c/th\u003e\r\n\u003cth style=\"height: 18px; width: 48.8333px;\"\u003ePrice\u003c/th\u003e\r\n\u003c/tr\u003e\r\n\u003ctr\u003e\r\n\u003ctd style=\"height: 36px; width: 496.5px;\"\u003e\u003ca href=\"https://mamaearth.in/product/baby-face-cream\"\u003eBaby Cream\u003c/a\u003e\u003c/td\u003e\r\n\u003ctd style=\"height: 36px; width: 48.8333px;\"\u003eRs. 199\u003c/td\u003e\r\n\u003c/tr\u003e\r\n\u003ctr\u003e\r\n\u003ctd style=\"height: 36px; width: 496.5px;\"\u003e\u003ca href=\"https://mamaearth.in/product/buy-baby-lotion-online\"\u003eBaby Lotion\u003c/a\u003e\u003c/td\u003e\r\n\u003ctd style=\"height: 18px; width: 48.8333px;\"\u003eRs. 199\u003c/td\u003e\r\n\u003c/tr\u003e\r\n\u003ctr\u003e\r\n\u003ctd style=\"height: 36px; width: 496.5px;\"\u003e\u003ca href=\"https://mamaearth.in/product/oil-free-face-moisturizer-with-apple-cider-vinegar-for-acne-prone-skin\"\u003eOil Free Moisturizer\u003c/a\u003e\u003c/td\u003e\r\n\u003ctd style=\"height: 18px; width: 48.8333px;\"\u003eRs. 299\u003c/td\u003e\r\n\u003c/tr\u003e\r\n\u003ctr\u003e\r\n\u003ctd style=\"height: 36px; width: 496.5px;\"\u003e\u003ca href=\"https://mamaearth.in/product/onion-hair-oil-for-hair-regrowth-hair-fall-control-with-redensyl-250ml\"\u003eHair Growth Oil\u003c/a\u003e\u003c/td\u003e\r\n\u003ctd style=\"height: 36px; width: 48.8333px;\"\u003eRs. 599\u003c/td\u003e\r\n\u003c/tr\u003e\r\n\u003ctr\u003e\r\n\u003ctd style=\"height: 36px; width: 496.5px;\"\u003e\u003ca href=\"https://mamaearth.in/product/ultra-light-indian-sunscreen\"\u003eSunscreen Spf 50\u003c/a\u003e\u003c/td\u003e\r\n\u003ctd style=\"height: 36px; width: 64px;\"\u003eRs. 499\u003c/td\u003e\r\n\u003c/tr\u003e\r\n\u003c/tbody\u003e\r\n\u003c/table\u003e\r\n\u003cp\u003e \u003c/p\u003e\r\n\u003cp\u003e \u003c/p\u003e","description":null},"allBanners":{"primaryBanners":{"desktopBannerContent":[{"url":"https://st-images.honasa.in/Website_generic_Gif_23c235a963.gif","link":"/omg","alt":"OMG","title":"OMG | WEB HP1 GIF"},{"url":"https://st-images.honasa.in/1920_X512_copy_2_374bb8fb41.jpg","link":"/product-category/for-babies","alt":"Summer Essentials","title":null},{"url":"https://st-images.honasa.in/1920_X512_214f38e926.jpg","link":"/product-category/face-wash","alt":"Baby","title":null},{"url":"https://st-images.honasa.in/1920_X512_0e4955c3b3.jpg","link":"/summer-favorites","alt":"Face Wash","title":null},{"url":"https://st-images.honasa.in/Website_1c9c7e8d21.jpg","link":"/product-category/rosemary-range","alt":"Rosemary Range","title":null}],"mobileBannerContent":[{"url":"https://st-images.honasa.in/Mobile_generic_gif_582f9c7a58.gif","link":"/omg","alt":"OMG","title":"OMG | MOBILE HP1 GIF"},{"url":"https://st-images.honasa.in/App_b1b6c69261.jpg","link":"/product-category/for-babies","alt":"Summer Essentials","title":null},{"url":"https://st-images.honasa.in/830_X360_36f50e2af6.jpg","link":"/product-category/face-wash","alt":"Baby","title":null},{"url":"https://st-images.honasa.in/830_X360_copy_a325823ee2.jpg","link":"/summer-favorites","alt":"Face Wash","title":null},{"url":"https://st-images.honasa.in/Website_1c9c7e8d21.jpg","link":"/product-category/rosemary-range","alt":"Rosemary","title":null}]},"secondaryBanners":{"desktopBannerContent":[],"mobileBannerContent":[]}},"homePageCarousels":[{"categId":52,"title":"Best Sellers","description":"\u003cp\u003eExplore best-selling safe, natural, and 100% toxin-free baby and beauty products from Mamaearth. Get amazing deals and start your toxin-free skin, hair, and baby care journey.\u003c/p\u003e","position":1,"shopLink":"/product-category/best-seller","products":[{"id":1365,"tier_prices":[],"avg_rating_percent":89,"categories":[2,18,21,51,102,128,129,130,131,132,133,134,135,219,298,333,337,355,391,422,52,372],"created_at":"2024-08-21 07:03:51","custom_attributes":[{"attribute_code":"manufacturer","value":"VA Lifesciences LLP, Indo Herbal Products"},{"attribute_code":"meta_title","value":"Rice Water Face Wash with Niacinamide for Glass Skin -150ml"},{"attribute_code":"meta_description","value":"Mamaearth rice water face wash is enriched with rice water and niacinamide. Niacinamide face wash gently cleanses the skin, keeping it clearer and hydrated skin."},{"attribute_code":"image","value":"/r/i/rice-fw_1.jpg"},{"attribute_code":"small_image","value":"/r/i/rice-fw_1.jpg"},{"attribute_code":"thumbnail","value":"/r/i/rice-fw_1.jpg"},{"attribute_code":"options_container","value":"container2"},{"attribute_code":"small_image_label","value":"mamaearth rich face wash for glass skin and it's suitable for all skin types"},{"attribute_code":"thumbnail_label","value":"mamaearth rich face wash for glass skin and it's suitable for all skin types"},{"attribute_code":"country_of_manufacture","value":"IN"},{"attribute_code":"url_key","value":"rice-face-wash-with-rice-water-niacinamide-for-glass-skin-150-ml"},{"attribute_code":"msrp_display_actual_price_type","value":"0"},{"attribute_code":"gift_message_available","value":"2"},{"attribute_code":"swatch_image","value":"/r/i/rice-fw_1.jpg"},{"attribute_code":"attribute_label_1","value":"Results of Rice Face Wash"},{"attribute_code":"attribute_label_2","value":"Hero Ingredients"},{"attribute_code":"attribute_label_3","value":"How to Use"},{"attribute_code":"attribute_label_4","value":"Suitable For"},{"attribute_code":"attribute_label_5","value":"Why Mamaearth "},{"attribute_code":"attribute_label_6","value":"List of Ingredients"},{"attribute_code":"attribute_label_7","value":"FAQs"},{"attribute_code":"best_before","value":"18 Months"},{"attribute_code":"dimensions","value":"10*5*5"},{"attribute_code":"mrp","value":"399"},{"attribute_code":"old_productid","value":"1364"},{"attribute_code":"weight_when_packed","value":"0.5 lbs"},{"attribute_code":"tags","value":"Stock Running Low"},{"attribute_code":"marketed_by","value":"Honasa Consumer Limited, 10th and 11th Floor, Capital Cyberscape, Sector 59, Gurugram, Haryana, 122101"},{"attribute_code":"live_url","value":"https://mamaearth.in/product/rice-face-wash-with-rice-water-niacinamide-for-glass-skin-150-ml"},{"attribute_code":"license_no","value":"HIM/COS/20/305,20/C/U.A/2010"},{"attribute_code":"length","value":"10"},{"attribute_code":"google_category","value":"2915"},{"attribute_code":"cms_sequence","value":"1,2,3,4,5,6,7,8"},{"attribute_code":"width","value":"5"},{"attribute_code":"height","value":"5"},{"attribute_code":"breadcrumb_category","value":"51","title":"Best Face Wash for Men \u0026 Women ","url_key":"face-wash"},{"attribute_code":"custom_product_type","value":"be_skin"},{"attribute_code":"brand","value":"4"},{"attribute_code":"product_card_tags","value":"Gently Cleanses Skin | Hydrates Skin"},{"attribute_code":"saving_scheme","value":"price_per_100_ml"},{"attribute_code":"product_subtitle_keys","value":"Buy 1 Get 1 FREE, Face Cleanser, Rice"},{"attribute_code":"is_suitable_for_skin_type","value":"465","label":"normal"},{"attribute_code":"skin_goals","value":"467,471,472","label":"moisturization, cleansing, glow"},{"attribute_code":"tax_class_id","value":"2"},{"attribute_code":"create_scarcity","value":"0"},{"attribute_code":"hide_product_infront","value":"0"},{"attribute_code":"show_in_feed","value":"1"},{"attribute_code":"base_category","value":"86"},{"attribute_code":"base_sub_category","value":"65"},{"attribute_code":"key_ingredient","value":"500"},{"attribute_code":"show_price_per_unit","value":"1"},{"attribute_code":"volume","value":"150"},{"attribute_code":"enable_fbt_popup","value":"1"},{"attribute_code":"rice_face_wash","value":"415"},{"attribute_code":"strikethrough","value":"1"},{"attribute_code":"attribute_value_1","value":"\u003cdiv class=\"list-banner\"\u003e\r\n  \u003cimg\r\n    src=\"https://images.mamaearth.in/wysiwyg/rice-fw-150ml-aplus.jpg?format=auto\"\r\n    alt=\"Mamaearth Rice Face Wash\"\r\n  /\u003e\r\n  \u003cp style=\"text-align: center\"\u003eMamaearth Rice Face Wash\u003c/p\u003e\r\n\u003c/div\u003e\r\n"},{"attribute_code":"attribute_value_2","value":"\u003cul class=\"woodmart-list\"\u003e\r\n\u003cli\u003e\r\n\u003cdiv class=\"list-icon\"\u003e\u003cimg loading=\"lazy\" src=\"https://images.mamaearth.in/wysiwyg/06-05-22/Fwash/ingredient-1.jpg\" alt=\"Best Face Wash for Women in India as Mamaearth 50 ml face wash\" /\u003e\u003c/div\u003e\r\n\u003cspan class=\"list-content\" style=\"text-align: justify;\"\u003e\u003cstrong\u003eRice Water:\u003c/strong\u003e Rich in antioxidants, it fights free radical damage and brightens the skin. It also evens out the skin tone. \u003c/span\u003e\u003c/li\u003e\r\n\u003cli\u003e\r\n\u003cdiv class=\"list-icon\"\u003e\u003cimg loading=\"lazy\" src=\"https://images.mamaearth.in/wysiwyg/06-05-22/Fwash/ingredient-2.jpg\" alt=\"boys face wash and cream\" /\u003e\u003c/div\u003e\r\n\u003cspan class=\"list-content\" style=\"text-align: justify;\"\u003e\u003cstrong\u003eNiacinamide: \u003c/strong\u003e It is proven to reduce dark spots and acne marks, resulting in clearer and even skin tone. \u003c/span\u003e\u003c/li\u003e\r\n\u003cli\u003e\r\n\u003cdiv class=\"list-icon\"\u003e\u003cimg loading=\"lazy\" src=\"https://images.mamaearth.in/wysiwyg/06-05-22/Fwash/ingredient-3.jpg\" alt=\"all face washes as skin face wash in india\" /\u003e \u003c/div\u003e\r\n\u003cspan class=\"list-content\" style=\"text-align: justify;\"\u003e\u003cstrong\u003eGlycerin:\u003c/strong\u003e Proven to be a potent humectant, it locks in hydration, keeping the skin moisturized and supple. \u003c/span\u003e\u003c/li\u003e\r\n\u003cli\u003e\r\n\u003cdiv class=\"list-icon\"\u003e\u003cimg loading=\"lazy\" src=\"https://images.mamaearth.in/wysiwyg/06-05-22/Fwash/ingredient-4.jpg\" alt=\"skin face wash products\" /\u003e \u003c/div\u003e\r\n\u003cspan class=\"list-content\" style=\"text-align: justify;\"\u003e\u003cstrong\u003eVitamin E:\u003c/strong\u003e Rich in antioxidants, it helps combat free radical damage. It also nourishes and moisturizes the skin.\u003c/span\u003e\u003c/li\u003e\r\n\u003c/ul\u003e"},{"attribute_code":"attribute_value_3","value":"\u003cul\u003e\r\n\u003cli\u003e\u003cspan class=\"list-content\"\u003e\u003cstrong\u003eStep 1 : \u003c/strong\u003eApply on a damp face.\u003c/span\u003e\u003c/li\u003e\r\n\u003cli\u003e\u003cspan class=\"list-content\"\u003e\u003cstrong\u003eStep 2 : \u003c/strong\u003eGently massage it with your fingertips.\r\n\u003c/span\u003e\u003c/li\u003e\r\n\u003cli\u003e\u003cspan class=\"list-content\"\u003e\u003cstrong\u003eStep 3 : \u003c/strong\u003eRinse off and pat dry.\u003c/span\u003e\u003c/li\u003e\r\n\u003cli\u003e\u003cspan class=\"list-content\"\u003e\u003cstrong\u003eStep 4 : \u003c/strong\u003eUse it twice a day, for best results.\r\n\u003c/ul\u003e"},{"attribute_code":"attribute_value_4","value":"\u003cul style=\"list-style: disc; padding-left: 1em;\"\u003e\r\n\u003cli\u003e\u003cspan class=\"list-content\"\u003eMen and women above 18 years of age \u003c/span\u003e\u003c/li\u003e\r\n\u003cli\u003e\u003cspan class=\"list-content\"\u003eSuitable for all skin types\u003c/span\u003e\u003c/li\u003e\r\n\u003c/ul\u003e"},{"attribute_code":"attribute_value_5","value":"\u003cul class=\"compare-list\"\u003e\r\n\u003cli\u003e\r\n\u003cdiv class=\"compare-content\"\u003e\r\n\u003cul\u003e\r\n\u003cli\u003eGently Cleanses the Skin\u003c/li\u003e\r\n\u003cli\u003eHydrates the Skin\u003c/li\u003e\r\n\u003cli\u003eBrightens Skin Tone\u003c/li\u003e\r\n\u003cli\u003eSuitable For All Skin Types\u003c/li\u003e\r\n\u003cli\u003eDermatologically Tested\u003c/li\u003e\r\n\u003cli\u003eMade Safe Certified\u003c/li\u003e\r\n\u003cli\u003eCruelty-Free\u003c/li\u003e\r\n\u003cli\u003eToxin-Free \u0026 No Harmful Chemicals\u003c/li\u003e\r\n\u003c/ul\u003e\r\n\u003c/div\u003e\r\n\u003c/li\u003e\r\n\u003cli\u003e\r\n\u003cdiv class=\"compare-content\"\u003e\r\n\u003cul\u003e\r\n\u003cli\u003eNot Gentle on the Skin \u003c/li\u003e\r\n\u003cli\u003eNot Enough Hydration\u003c/li\u003e\r\n\u003cli\u003eDoesn’t Improve Skin Tone\u003c/li\u003e\r\n\u003cli\u003eNot Suitable for All Skin Types\u003c/li\u003e\r\n\u003cli\u003eNot Dermatologically Tested\u003c/li\u003e\r\n\u003cli\u003eNot Made Safe Certified\u003c/li\u003e\r\n\u003cli\u003eNot Cruelty-free\u003c/li\u003e\r\n\u003cli\u003eContains Harmful Chemicals\u003c/li\u003e\r\n\r\n\u003c/ul\u003e\r\n\u003c/div\u003e\r\n\u003c/li\u003e\r\n\u003c/ul\u003e"},{"attribute_code":"attribute_value_6","value":"\u003ch3\u003eRice Water Face Wash Ingredients\u003c/h3\u003e\r\n\u003ctable\u003e\r\n\u003ctbody\u003e\r\n\u003ctr\u003e\r\n\u003ctd\u003e\r\n\u003cp\u003e\u003cstrong\u003eIngredient\u003c/strong\u003e\u003c/p\u003e\r\n\u003c/td\u003e\r\n\u003ctd\u003e\r\n\u003cp\u003e\u003cstrong\u003eType\u003c/strong\u003e\u003c/p\u003e\r\n\u003c/td\u003e\r\n\u003ctd\u003e\r\n\u003cp\u003e\u003cstrong\u003eWhere Is It From\u003c/strong\u003e\u003c/p\u003e\r\n\u003c/td\u003e\r\n\u003ctd\u003e\r\n\u003cp\u003e\u003cstrong\u003eHow It Helps\u003c/strong\u003e\u003c/p\u003e\r\n\u003c/td\u003e\r\n\u003c/tr\u003e\r\n\u003ctr\u003e\r\n\u003ctd\u003e\r\n\u003cp\u003e\u003cspan style=\"font-weight: 400;\"\u003eMyristic Acid\u003c/span\u003e\u003c/p\u003e\r\n\u003c/td\u003e\r\n\u003ctd\u003e\r\n\u003cp\u003e\u003cspan style=\"font-weight: 400;\"\u003eNatural \u003c/span\u003e\u003c/p\u003e\r\n\u003c/td\u003e\r\n\u003ctd\u003e\r\n\u003cp\u003e\u003cspan style=\"font-weight: 400;\"\u003ePlant-Based\u003c/span\u003e\u003c/p\u003e\r\n\u003c/td\u003e\r\n\u003ctd\u003e\r\n\u003cp\u003e\u003cspan style=\"font-weight: 400;\"\u003eCleanser\u003c/span\u003e\u003c/p\u003e\r\n\u003c/td\u003e\r\n\u003c/tr\u003e\r\n\u003ctr\u003e\r\n\u003ctd\u003e\r\n\u003cp\u003e\u003cspan style=\"font-weight: 400;\"\u003eGlycerin \u003c/span\u003e\u003c/p\u003e\r\n\u003c/td\u003e\r\n\u003ctd\u003e\r\n\u003cp\u003e\u003cspan style=\"font-weight: 400;\"\u003eNatural \u003c/span\u003e\u003c/p\u003e\r\n\u003c/td\u003e\r\n\u003ctd\u003e\r\n\u003cp\u003e\u003cspan style=\"font-weight: 400;\"\u003ePlant-Based\u003c/span\u003e\u003c/p\u003e\r\n\u003c/td\u003e\r\n\u003ctd\u003e\r\n\u003cp\u003e\u003cspan style=\"font-weight: 400;\"\u003eHydration\u003c/span\u003e\u003c/p\u003e\r\n\u003c/td\u003e\r\n\u003c/tr\u003e\r\n\u003ctr\u003e\r\n\u003ctd\u003e\r\n\u003cp\u003e\u003cspan style=\"font-weight: 400;\"\u003eAqua\u003c/span\u003e\u003c/p\u003e\r\n\u003c/td\u003e\r\n\u003ctd\u003e\r\n\u003cp\u003e\u003cspan style=\"font-weight: 400;\"\u003eNatural\u003c/span\u003e\u003c/p\u003e\r\n\u003c/td\u003e\r\n\u003ctd\u003e\r\n\u003cp\u003e\u003cspan style=\"font-weight: 400;\"\u003eWater\u003c/span\u003e\u003c/p\u003e\r\n\u003c/td\u003e\r\n\u003ctd\u003e\r\n\u003cp\u003e\u003cspan style=\"font-weight: 400;\"\u003eDiluent\u003c/span\u003e\u003c/p\u003e\r\n\u003c/td\u003e\r\n\u003c/tr\u003e\r\n\u003ctr\u003e\r\n\u003ctd\u003e\r\n\u003cp\u003e\u003cspan style=\"font-weight: 400;\"\u003ePotassium Hydroxide \u003c/span\u003e\u003c/p\u003e\r\n\u003c/td\u003e\r\n\u003ctd\u003e\r\n\u003cp\u003e\u003cspan style=\"font-weight: 400;\"\u003eSynthetic\u003c/span\u003e\u003c/p\u003e\r\n\u003c/td\u003e\r\n\u003ctd\u003e\r\n\u003cp\u003e\u003cspan style=\"font-weight: 400;\"\u003eLab-Synthesized\u003c/span\u003e\u003c/p\u003e\r\n\u003c/td\u003e\r\n\u003ctd\u003e\r\n\u003cp\u003e\u003cspan style=\"font-weight: 400;\"\u003eStabilizer\u003c/span\u003e\u003c/p\u003e\r\n\u003c/td\u003e\r\n\u003c/tr\u003e\r\n\u003ctr\u003e\r\n\u003ctd\u003e\r\n\u003cp\u003e\u003cspan style=\"font-weight: 400;\"\u003ePropylene Glycol\u003c/span\u003e\u003c/p\u003e\r\n\u003c/td\u003e\r\n\u003ctd\u003e\r\n\u003cp\u003e\u003cspan style=\"font-weight: 400;\"\u003eSynthetic\u003c/span\u003e\u003c/p\u003e\r\n\u003c/td\u003e\r\n\u003ctd\u003e\r\n\u003cp\u003e\u003cspan style=\"font-weight: 400;\"\u003eLab-Synthesized\u003c/span\u003e\u003c/p\u003e\r\n\u003c/td\u003e\r\n\u003ctd\u003e\r\n\u003cp\u003e\u003cspan style=\"font-weight: 400;\"\u003eHumectant\u003c/span\u003e\u003c/p\u003e\r\n\u003c/td\u003e\r\n\u003c/tr\u003e\r\n\u003ctr\u003e\r\n\u003ctd\u003e\r\n\u003cp\u003e\u003cspan style=\"font-weight: 400;\"\u003e Stearic Acid\u003c/span\u003e\u003c/p\u003e\r\n\u003c/td\u003e\r\n\u003ctd\u003e\r\n\u003cp\u003e\u003cspan style=\"font-weight: 400;\"\u003eNatural\u003c/span\u003e\u003c/p\u003e\r\n\u003c/td\u003e\r\n\u003ctd\u003e\r\n\u003cp\u003e\u003cspan style=\"font-weight: 400;\"\u003ePlant-Based\u003c/span\u003e\u003c/p\u003e\r\n\u003c/td\u003e\r\n\u003ctd\u003e\r\n\u003cp\u003e\u003cspan style=\"font-weight: 400;\"\u003eEmollient\u003c/span\u003e\u003c/p\u003e\r\n\u003c/td\u003e\r\n\u003c/tr\u003e\r\n\u003ctr\u003e\r\n\u003ctd\u003e\r\n\u003cp\u003e\u003cspan style=\"font-weight: 400;\"\u003eDecyl Glucoside\u003c/span\u003e\u003c/p\u003e\r\n\u003c/td\u003e\r\n\u003ctd\u003e\r\n\u003cp\u003e\u003cspan style=\"font-weight: 400;\"\u003eNatural\u003c/span\u003e\u003c/p\u003e\r\n\u003c/td\u003e\r\n\u003ctd\u003e\r\n\u003cp\u003e\u003cspan style=\"font-weight: 400;\"\u003ePlant-Based\u003c/span\u003e\u003c/p\u003e\r\n\u003c/td\u003e\r\n\u003ctd\u003e\r\n\u003cp\u003e\u003cspan style=\"font-weight: 400;\"\u003eCleanser\u003c/span\u003e\u003c/p\u003e\r\n\u003c/td\u003e\r\n\u003c/tr\u003e\r\n\u003ctr\u003e\r\n\u003ctd\u003e\r\n\u003cp\u003e\u003cspan style=\"font-weight: 400;\"\u003eLauric Acid\u003c/span\u003e\u003c/p\u003e\r\n\u003c/td\u003e\r\n\u003ctd\u003e\r\n\u003cp\u003e\u003cspan style=\"font-weight: 400;\"\u003eNatural\u003c/span\u003e\u003c/p\u003e\r\n\u003c/td\u003e\r\n\u003ctd\u003e\r\n\u003cp\u003e\u003cspan style=\"font-weight: 400;\"\u003ePlant-Based\u003c/span\u003e\u003c/p\u003e\r\n\u003c/td\u003e\r\n\u003ctd\u003e\r\n\u003cp\u003e\u003cspan style=\"font-weight: 400;\"\u003eAntimicrobial\u003c/span\u003e\u003c/p\u003e\r\n\u003c/td\u003e\r\n\u003c/tr\u003e\r\n\u003ctr\u003e\r\n\u003ctd\u003e\r\n\u003cp\u003e\u003cspan style=\"font-weight: 400;\"\u003eEthylene Glycol Distearate\u003c/span\u003e\u003c/p\u003e\r\n\u003c/td\u003e\r\n\u003ctd\u003e\r\n\u003cp\u003e\u003cspan style=\"font-weight: 400;\"\u003eNatural\u003c/span\u003e\u003c/p\u003e\r\n\u003c/td\u003e\r\n\u003ctd\u003e\r\n\u003cp\u003e\u003cspan style=\"font-weight: 400;\"\u003ePlant-Based\u003c/span\u003e\u003c/p\u003e\r\n\u003c/td\u003e\r\n\u003ctd\u003e\r\n\u003cp\u003e\u003cspan style=\"font-weight: 400;\"\u003eThickening Agent\u003c/span\u003e\u003c/p\u003e\r\n\u003c/td\u003e\r\n\u003c/tr\u003e\r\n\u003ctr\u003e\r\n\u003ctd\u003e\u003cbr /\u003e\r\n\u003cp\u003e\u003cspan style=\"font-weight: 400;\"\u003e Glyceryl Monostearate\u003c/span\u003e\u003c/p\u003e\r\n\u003c/td\u003e\r\n\u003ctd\u003e\r\n\u003cp\u003e\u003cspan style=\"font-weight: 400;\"\u003eNatural\u003c/span\u003e\u003c/p\u003e\r\n\u003c/td\u003e\r\n\u003ctd\u003e\r\n\u003cp\u003e\u003cspan style=\"font-weight: 400;\"\u003ePlant-Based\u003c/span\u003e\u003c/p\u003e\r\n\u003c/td\u003e\r\n\u003ctd\u003e\r\n\u003cp\u003e\u003cspan style=\"font-weight: 400;\"\u003eEmollient\u003c/span\u003e\u003c/p\u003e\r\n\u003c/td\u003e\r\n\u003c/tr\u003e\r\n\u003ctr\u003e\r\n\u003ctd\u003e\r\n\u003cp\u003e\u003cspan style=\"font-weight: 400;\"\u003eSodium PCA\u003c/span\u003e\u003c/p\u003e\r\n\u003c/td\u003e\r\n\u003ctd\u003e\r\n\u003cp\u003e\u003cspan style=\"font-weight: 400;\"\u003eNatural\u003c/span\u003e\u003c/p\u003e\r\n\u003c/td\u003e\r\n\u003ctd\u003e\r\n\u003cp\u003e\u003cspan style=\"font-weight: 400;\"\u003ePlant-Based\u003c/span\u003e\u003c/p\u003e\r\n\u003c/td\u003e\r\n\u003ctd\u003e\r\n\u003cp\u003e\u003cspan style=\"font-weight: 400;\"\u003eMoisturizer\u003c/span\u003e\u003c/p\u003e\r\n\u003c/td\u003e\r\n\u003c/tr\u003e\r\n\u003ctr\u003e\r\n\u003ctd\u003e\r\n\u003cp\u003e\u003cspan style=\"font-weight: 400;\"\u003ePhenoxyethanol\u003c/span\u003e\u003c/p\u003e\r\n\u003c/td\u003e\r\n\u003ctd\u003e\r\n\u003cp\u003e\u003cspan style=\"font-weight: 400;\"\u003eSynthetic\u003c/span\u003e\u003c/p\u003e\r\n\u003c/td\u003e\r\n\u003ctd\u003e\r\n\u003cp\u003e\u003cspan style=\"font-weight: 400;\"\u003eLab-Synthesized\u003c/span\u003e\u003c/p\u003e\r\n\u003c/td\u003e\r\n\u003ctd\u003e\r\n\u003cp\u003e\u003cspan style=\"font-weight: 400;\"\u003ePreservative\u003c/span\u003e\u003c/p\u003e\r\n\u003c/td\u003e\r\n\u003c/tr\u003e\r\n\u003ctr\u003e\r\n\u003ctd\u003e\r\n\u003cp\u003e\u003cspan style=\"font-weight: 400;\"\u003eFermented Rice Water\u003c/span\u003e\u003c/p\u003e\r\n\u003c/td\u003e\r\n\u003ctd\u003e\r\n\u003cp\u003e\u003cspan style=\"font-weight: 400;\"\u003eNatural\u003c/span\u003e\u003c/p\u003e\r\n\u003c/td\u003e\r\n\u003ctd\u003e\r\n\u003cp\u003e\u003cspan style=\"font-weight: 400;\"\u003ePlant-Based\u003c/span\u003e\u003c/p\u003e\r\n\u003c/td\u003e\r\n\u003ctd\u003e\r\n\u003cp\u003e\u003cspan style=\"font-weight: 400;\"\u003eSkin Brightening\u003c/span\u003e\u003c/p\u003e\r\n\u003c/td\u003e\r\n\u003c/tr\u003e\r\n\u003ctr\u003e\r\n\u003ctd\u003e\r\n\u003cp\u003e\u003cspan style=\"font-weight: 400;\"\u003ePolyquaternium-7\u003c/span\u003e\u003c/p\u003e\r\n\u003c/td\u003e\r\n\u003ctd\u003e\r\n\u003cp\u003e\u003cspan style=\"font-weight: 400;\"\u003eSynthetic\u003c/span\u003e\u003c/p\u003e\r\n\u003c/td\u003e\r\n\u003ctd\u003e\r\n\u003cp\u003e\u003cspan style=\"font-weight: 400;\"\u003eLab-Synthesized\u003c/span\u003e\u003c/p\u003e\r\n\u003c/td\u003e\r\n\u003ctd\u003e\r\n\u003cp\u003e\u003cspan style=\"font-weight: 400;\"\u003eSkin Conditioning Agent\u003c/span\u003e\u003c/p\u003e\r\n\u003c/td\u003e\r\n\u003c/tr\u003e\r\n\u003ctr\u003e\r\n\u003ctd\u003e\r\n\u003cp\u003e\u003cspan style=\"font-weight: 400;\"\u003eNiacinamide\u003c/span\u003e\u003c/p\u003e\r\n\u003c/td\u003e\r\n\u003ctd\u003e\r\n\u003cp\u003e\u003cspan style=\"font-weight: 400;\"\u003eNatural\u003c/span\u003e\u003c/p\u003e\r\n\u003c/td\u003e\r\n\u003ctd\u003e\r\n\u003cp\u003e\u003cspan style=\"font-weight: 400;\"\u003ePlant-Based\u003c/span\u003e\u003c/p\u003e\r\n\u003c/td\u003e\r\n\u003ctd\u003e\r\n\u003cp\u003e\u003cspan style=\"font-weight: 400;\"\u003eSkin Brightening\u003c/span\u003e\u003c/p\u003e\r\n\u003c/td\u003e\r\n\u003c/tr\u003e\r\n\u003ctr\u003e\r\n\u003ctd\u003e\r\n\u003cp\u003e\u003cspan style=\"font-weight: 400;\"\u003eTitanium Dioxide\u003c/span\u003e\u003c/p\u003e\r\n\u003c/td\u003e\r\n\u003ctd\u003e\r\n\u003cp\u003e\u003cspan style=\"font-weight: 400;\"\u003eNatural\u003c/span\u003e\u003c/p\u003e\r\n\u003c/td\u003e\r\n\u003ctd\u003e\r\n\u003cp\u003e\u003cspan style=\"font-weight: 400;\"\u003eMineral\u003c/span\u003e\u003c/p\u003e\r\n\u003c/td\u003e\r\n\u003ctd\u003e\r\n\u003cp\u003e\u003cspan style=\"font-weight: 400;\"\u003eThickener\u003c/span\u003e\u003c/p\u003e\r\n\u003c/td\u003e\r\n\u003c/tr\u003e\r\n\u003ctr\u003e\r\n\u003ctd\u003e\r\n\u003cp\u003e\u003cspan style=\"font-weight: 400;\"\u003eGlyceryl Glucoside\u003c/span\u003e\u003c/p\u003e\r\n\u003c/td\u003e\r\n\u003ctd\u003e\r\n\u003cp\u003e\u003cspan style=\"font-weight: 400;\"\u003eNatural\u003c/span\u003e\u003c/p\u003e\r\n\u003c/td\u003e\r\n\u003ctd\u003e\r\n\u003cp\u003e\u003cspan style=\"font-weight: 400;\"\u003ePlant-Based\u003c/span\u003e\u003c/p\u003e\r\n\u003c/td\u003e\r\n\u003ctd\u003e\r\n\u003cp\u003e\u003cspan style=\"font-weight: 400;\"\u003eMoisturizer\u003c/span\u003e\u003c/p\u003e\r\n\u003c/td\u003e\r\n\u003c/tr\u003e\r\n\u003ctr\u003e\r\n\u003ctd\u003e\u003cbr /\u003e\r\n\u003cp\u003e\u003cspan style=\"font-weight: 400;\"\u003eDisodium EDTA\u003c/span\u003e\u003c/p\u003e\r\n\u003c/td\u003e\r\n\u003ctd\u003e\r\n\u003cp\u003e\u003cspan style=\"font-weight: 400;\"\u003eSynthetic\u003c/span\u003e\u003c/p\u003e\r\n\u003c/td\u003e\r\n\u003ctd\u003e\r\n\u003cp\u003e\u003cspan style=\"font-weight: 400;\"\u003eLab-Synthesized\u003c/span\u003e\u003c/p\u003e\r\n\u003c/td\u003e\r\n\u003ctd\u003e\r\n\u003cp\u003e\u003cspan style=\"font-weight: 400;\"\u003ePreservative\u003c/span\u003e\u003c/p\u003e\r\n\u003c/td\u003e\r\n\u003c/tr\u003e\r\n\u003ctr\u003e\r\n\u003ctd\u003e\r\n\u003cp\u003e\u003cspan style=\"font-weight: 400;\"\u003eVitamin E\u003c/span\u003e\u003c/p\u003e\r\n\u003c/td\u003e\r\n\u003ctd\u003e\r\n\u003cp\u003e\u003cspan style=\"font-weight: 400;\"\u003eNatural\u003c/span\u003e\u003c/p\u003e\r\n\u003c/td\u003e\r\n\u003ctd\u003e\r\n\u003cp\u003e\u003cspan style=\"font-weight: 400;\"\u003ePlant-Based\u003c/span\u003e\u003c/p\u003e\r\n\u003c/td\u003e\r\n\u003ctd\u003e\r\n\u003cp\u003e\u003cspan style=\"font-weight: 400;\"\u003eAntioxidant\u003c/span\u003e\u003c/p\u003e\r\n\u003c/td\u003e\r\n\u003c/tr\u003e\r\n\u003ctr\u003e\r\n\u003ctd\u003e\r\n\u003cp\u003e\u003cspan style=\"font-weight: 400;\"\u003eButylated Hydroxytoluene\u003c/span\u003e\u003c/p\u003e\r\n\u003c/td\u003e\r\n\u003ctd\u003e\r\n\u003cp\u003e\u003cspan style=\"font-weight: 400;\"\u003eSynthetic\u003c/span\u003e\u003c/p\u003e\r\n\u003c/td\u003e\r\n\u003ctd\u003e\r\n\u003cp\u003e\u003cspan style=\"font-weight: 400;\"\u003eLab-Synthesized\u003c/span\u003e\u003c/p\u003e\r\n\u003c/td\u003e\r\n\u003ctd\u003e\r\n\u003cp\u003e\u003cspan style=\"font-weight: 400;\"\u003eAntioxidant\u003c/span\u003e\u003c/p\u003e\r\n\u003c/td\u003e\r\n\u003c/tr\u003e\r\n\u003c/tbody\u003e\r\n\u003c/table\u003e"},{"attribute_code":"attribute_value_7","value":"\u003cdiv id=\"faqs\"\u003e\r\n\u003cp\u003eWhat is Rice water?\u003c/p\u003e\r\n\u003cp\u003eRice water is one of the beauty secrets women look for worldwide in various cultures. This trending ingredient has been traditionally famous in China and Japan for ages. Their ancestors have used this as a part of their daily healthy skin care and hair care regime. The starch-filled water left over from boiling rice is an ancient Asian secret used for ages by women to treat their skin and hair, and it may even be consumed internally for overall health benefits. The water that has been derived from rice is called rice water. The idea behind using rice water to promote hair growth is based on the vitamins and minerals in rice starch. Proponents assert that these nutrients can tame, protect, and promote hair development. A cup of raw rice should be soaked in two or three cups of water for thirty minutes, then strained to create rice water.\u003c/p\u003e\r\n\u003cp\u003eWhat are the uses of Rice water?\u003c/p\u003e\r\n\u003cp\u003eAs a natural health ingredient offering several advantages to your face and scalp, rice water is becoming increasingly well-liked. Rich in vital minerals and chemicals, Asian civilizations have long utilized this easy-to-make, low-cost treatment for various health benefits. Let’s learn more about the uses of rice water for your skin and hair:\u003cbr /\u003eSkincare- Rice water is rich in antioxidants, vitamins, and minerals that are great for your skin. To obtain smooth and glowing skin, it has been utilized as a traditional beauty therapy in many Asian nations. You may use rice water as a bath soak to soothe inflamed skin disorders like eczema or sunburn, or you can use it as a toner by gently dabbing it on your face with a cotton ball. Mamaearth offers a wide range of natural and safe Rice Water skincare products that people all over India love. We recommend you follow this skincare regime and add these essential rice water products to your regime for maximum benefits. The Mamaearth Rice Facial Kit has a 6-step salon-like kit, which helps improve your skin texture and helps you achieve glass-like skin in no time. The 6-step Rice Facial Kit will instantly offer salon-like results and glass-like bright skin in the comfort of your home. This product is made with the beneficial properties of Rice Water and Niacinamide, which brightens and smoothes your skin's texture, leaving it more radiant and clear. This Mamaearth Rice Facial Kit includes cleansing milk, face scrub, calming gel, massage cream, face mask, and radiance cream. In only thirty minutes, reveal glass-like luminous skin by cleansing, exfoliating, massaging, and locking in all that moisture. Therefore, this face pack is ideal for weekend skincare sessions or instant glow for a significant event. Hair care- You may enhance the strength and look of your hair by nourishing it with rice water. Rice water's amino acids help repair damaged hair follicles and reduce hair breakage. Rinse your hair with rice water hair serum after shampooing to encourage shine and general health. For additional advantages, you may also use fermented rice water, which increases nutritious qualities and improves nutrient concentration. To ignore that hassle and achieve healthy hair with the beneficial properties of Rice Water, Mamaearth offers a vast hair care range. The first thing to incorporate into your regime is Mamaearth Rice Wonder Water and Rice Hair Oil, which will help reduce split ends and prevent hair breakage. You should also add the Mamaearth Rice Oil Booster to enhance your overall hair texture. Then, it is recommended to deeply cleanse your hair with Mamaearth Rice Water Hair Shampoo and Hair Conditioner to repair damaged hair and nourish your scalp and scalps from within. Don’t forget to upgrade your hair game with Mamaearth Rice Hair Mask, which is filled with the beneficial properties of Keratin and Rice Water, which helps soothe your hair and give you healthy and nourished hair.\u003c/p\u003e\r\n\u003cp\u003eWhat are the benefits of Rice water?\u003c/p\u003e\r\n\u003cp\u003eHere are the benefits of using Rice Water for Hair \u0026amp; Skin: Skin- It helps retain the skin’s suppleness and also assists in profoundly nourishing and moisturizing your skin. It acts as an anti-aging elixir by hiding imperfections and early signs of aging, giving you clear and healthy skin.For people who are struggling with acne-prone skin, Rice Water works like magic. It helps increase the skin’s collagen production, which results in soft and radiant skin. Rice Water is an effective healer for minor sunburns and harmful sun damage. It helps heal sunburns and other sun skin damage such as redness, irritation, swelling, etc. Starchy Rice Water works as a magical toner for tightening pores. It is highly beneficial for people with oily and acne-prone skin. Washing your face regularly with Rice Water helps reduce oiliness and protects your skin from breakouts, blemishes, and acne. Hair- The amino acids in rice water help enhance hair regeneration, which may help to stimulate hair growth. In addition, it is filled with the beneficial properties of vitamins B, E, and C, all of which support hair growth. The hair shaft is strengthened by the vitamins C, B, and E, which means the stronger the shaft, the longer the hair may grow. Adds shine and \"lustrous\" to enhance overall hair quality and texture. Based on the research done with rice water, it is reported that the starchy solution makes drab hair seem shiny. Removes dirt and debris from hair without stripping and drying off natural oils. Hair that is highly porous or damaged finds it challenging to hold moisture, which can lead to split ends and frizz. On the other hand, Rice water's nourishing proteins could mitigate this effect by lowering breakage and enhancing hair texture. It detangles strands and softens hair. Using rice water frequently helps you achieve soft and healthy hair, which helps detangle hair strands. Strengthens hair strands to prevent breakage and damage. Rice water is rich in protein, which is crucial for maintaining a balanced diet, and it's also critical for preserving hair health. It is said that the protein in rice water helps make hair stronger, quicker, better, and tougher overall.\u003c/p\u003e\r\n\u003cp\u003eHow is rice water made?\u003c/p\u003e\r\n\u003cp\u003eProfessionals recommend rice water to be a part of your regime for maximum benefits. Due to its beneficial properties, our mothers and grandmothers often prepare this ingredient at home for the best results. We recommend following these steps and achieving healthy skin and hair with every application. Rinse and drain your rice to eliminate any debris or contaminants you don't want to put in your hair. In a medium bowl, combine the strained rice and the water. Mix it well until the water starts to get somewhat hazy. Again, save the water when you strain the rice. You may boil the rice now or save it for later. Cover the plastic container with the rice water. Give the rice water 12 to 24 hours to settle at room temperature. This will let the fermenting process release all the beneficial vitamins and minerals. (Pro Tip: Wait to let it sit for a day.) The rice water should be kept in cold temperature until needed. To apply, fill a little container with rice water, such as a tiny jar or a travel-sized shampoo bottle. Refrigerate the remaining portion.\u003c/p\u003e\r\n\u003cp\u003eHow to apply rice water on the face?\u003c/p\u003e\r\n\u003cp\u003eHere are a few ways of incorporating rice water into your daily skincare routine for maximum benefits: Rice Water Mist as a Toning Agent- Pour your prepared rice water into a clean spray bottle for easy usage. Use the rice water to mist your face and neck after deep cleansing.Apply the rice water to your skin gently with a soft cotton pad or your fingertips. As a natural toner, rice water helps to tighten pores and regulate pH levels in the skin. When applied often, it can also enhance nourishment and give skin a radiant, healthy appearance. As a Nourishing Rice Water Face Pack- To make a healthy face pack, mix rice water with a tiny amount of natural substances such as yogurt, honey, or aloe vera gel. After cleaning your face, evenly apply the pack and let it sit there for 15 to 20 minutes. After giving the pack a quick rinse with warm water, gently pat dry your skin. With the help of this face pack, the skin becomes hydrated, brighter, and suppler. Rice Water Ice Cubes for Skin Comfort- Fill an ice cube tray with rice water, then freeze it until it solidifies.Take one rice-water ice cube and cover it in a tissue or fresh cloth. Concentrating on the regions of your face that are red or irritated, gently rub the ice cube in circular motions. Ice cubes made of rice water can relieve and calm inflamed skin, lessen puffiness, and make you feel calm. Continue with your usual skincare regimen after that. Rice water on your face has several advantages, such as hydrated skin, more even skin tone, and better skin texture. Use these techniques to enhance your skincare regimen and experience the skin-nourishing benefits of rice water. Experts recommend adding the Mamaearth Rice Facial Kit to your skincare regime for maximum benefits. This facial kit provides your skin with a salon-like glow and soothing effect in the comfort of your home. This beneficial 6-step kit helps improve your overall skin texture and brightens your skin, providing you with healthy and nourished skin from within.\u003c/p\u003e\r\n\u003cp\u003eHow to use Mamaearth Rice Water Face Wash?\u003c/p\u003e\r\n\u003cp\u003eIncorporating this Mamaearth Rice Water Face Wash into your skincare regime is simple. Begin by splashing your face with warm or cold water, then take a penny size of the Mamaearth Rice Water Face Wash into your fingertips. Massage the product well onto your face with the help of your fingers. After thoroughly massaging, rinse off and pat dry. For the best results, apply it twice daily.\u003c/p\u003e\r\n\u003cp\u003eIs Rice Water safe for the face?\u003c/p\u003e\r\n\u003cp\u003eYes, it is safe to use rice water on your face. It is safe and nourishing; one can apply rice water to pimples on your face overnight. Made with natural ingredients, it is highly secure for the skin. It may be removed in the morning by thorough cleansing. To moisturize your skin, combine natural aloe vera gel with rice water. This combination reduces acne and pimples, leaving your skin soft and smooth.\u003c/p\u003e\r\n\u003cp\u003eDoes This Rice Water Face Wash Work For Dry Skin?\u003c/p\u003e\r\n\u003cp\u003eYes, Rice Face Water Wash is also ideal for dry skin as it’s packed with nourishing and moisturizing ingredients that not only add a boost of hydration to your skin but also lock it in, preventing moisture loss.\u003c/p\u003e\r\n\u003cp\u003eCan Men Use Rice Water Face Wash?\u003c/p\u003e\r\n\u003cp\u003eYes, absolutely. The Rice Face Wash can be used by anyone above the age of 18 years.\u003c/p\u003e\r\n\u003cp\u003eWill Niacinamide Face Wash Work on Acne Marks?\u003c/p\u003e\r\n\u003cp\u003eYes, the Rice Face Wash with niacinamide will work well on acne marks and blemishes as it is formulated with Niacinamide which is proven to reduce acne marks. We recommend you incorporate the Rice Range into your skincare regimen to see the desired results.\u003c/p\u003e\r\n\u003cp\u003eIs Rice Water Face Wash good for your face?\u003c/p\u003e\r\n\u003cp\u003eYes, a toxin-free Rice Face Wash is beneficial for your skin. You may opt for Mamaearth’s Rice Water Face Wash to get glass-like skin that’s free from blemishes and dark spots. This toxin-free skincare product is enriched with Rice Water, Niacinamide, Glycerin, and Vitamin E. These ingredients cleanse the facial skin deeply, lock in hydration, and help reduce dark spots, thus resulting in a clearer and more hydrated skin texture. Rich in antioxidants, this face wash brightens, hydrates, and nourishes your skin from within. Its toxin-free formulation doesn’t strip your skin’s essential moisture while cleansing. It only unclogs your skin pores to keep your skin healthy and nourished.\u003c/p\u003e\r\n\u003cp\u003eIs Rice Water Face Wash good for sensitive skin?\u003c/p\u003e\r\n\u003cp\u003eYes, Rice Water Face cleanser is good for sensitive skin. Rice Water is rich in antioxidants and has skin-healing properties, making it a great ingredient for sensitive skin. In addition, you might like the composition Mamaearth Rice Water Face Wash as it contains the goodness of Rice Water, Niacinamide, Vitamin E, and Glycerin. These ingredients help gently cleanse the skin, hydrate it, and brighten the tone.\u003c/p\u003e\r\n\u003cp\u003eIs Rice Face Wash good for dry skin?\u003c/p\u003e\r\n\u003cp\u003eYes, Rice Water Face Wash is ideal for dry skin because it is hydrating in nature and contains many antioxidants that keep skin cells hydrated and nourished. You may try Mamaearth Rice Water cleanser because it also features Niacinamide, Glycerin, and Vitamin E that gently hydrate skin cells and prevent moisture loss due to seasonal changes.\u003c/p\u003e\r\n\u003cp\u003eWhat is the Mamaearth rice water face wash price?\u003c/p\u003e\r\n\u003cp\u003eThe Mamaearth rice face wash price is Rs.399.\u003c/p\u003e\r\n\u003cp\u003eIs Rice Water Face Wash good for the face?\u003c/p\u003e\r\n\u003cp\u003eRice water offers moisturizing, brightening, calming, and anti-aging properties for all textures of skin. It restores your skin's natural radiance, giving it a glass-like appearance. For the best results, you can use Mamaearth’s Rice Water Face Wash which helps gently cleanse and hydrate the skin without sapping the skin of its oils.\u003c/p\u003e\r\n\u003cp\u003eHow often should I wash my face with Niacinamide Face Wash?\u003c/p\u003e\r\n\u003cp\u003eIt is advisable to use niacinamide face cleanser twice a day. Skin care requires a thorough cleansing practice to stay healthy and glowing. Thus, be sure to start your AM and PM routine with cleansing. The morning cleansing ensures your skin gets rid of the build-up of excessive oils and residue of products from the night before. On the other hand, cleaning at night keeps skin away from the dirt and grime accumulated the whole day. In addition, regular cleansing improves the absorption rate of the nutrients offered by other skincare products.\u003c/p\u003e\r\n\u003cp\u003eIs Rice Water Face Wash good for acne?\u003c/p\u003e\r\n\u003cp\u003eYes, you can use our Rice Face Wash for acne-prone skin. It is made with gentle ingredients that do not hurt sensitive skin barriers. This toxin-free skincare product features Niacinamide that helps reduce acne marks and control the excessive sebum secretion in the skin. People with oily and acne-prone skin may also opt for Mamaearth’s Tea Tree Face Wash, which features Tea Tree Oil, Neem, and Aloe Vera. These niacinamide cleanser ingredients help fight frequent acne and pimple formation by cleaning skin pores.\u003c/p\u003e\r\n\u003cp\u003eHow do you use Rice Face Wash?\u003c/p\u003e\r\n\u003cp\u003eTo use Rice Face Wash, take a pea-sized amount and gently massage it with your fingertips. Next, rinse off with lukewarm water to reveal a clearer skin complexion. Finally, do not forget to layer your face with a hydrating moisturizer.\u003c/p\u003e\r\n\u003cp\u003eWhich is the best face wash for glowing skin?\u003c/p\u003e\r\n\u003cp\u003eNatural and toxin-free skincare products are the best solutions for achieving healthy skin. You can try Mamaearth Rice Face Wash with Rice Water and Niacinamide for glass-like skin. Both these ingredients work effectively in giving your skin a dewy and hydrated appearance. It is rich in antioxidants that help reduce blemishes, acne marks, and dark spots. It has a creamy texture, so it works well for every skin type. It is devoid of impurities and offers gentle love from natural ingredients.\u003c/p\u003e\r\n\u003cp\u003eWhat are the benefits of face glow face wash?\u003c/p\u003e\r\n\u003cp\u003eA glow face wash gently cleanses dirt, grime, and oil buildup from your skin. It won’t strip essential oils while keeping the skin’s pH intact and giving a dewy glow. You can use a glow face wash twice daily, in your morning and evening skincare routine, to get well-nourished and hydrated skin. If you’re looking for a glow face wash, you may opt for Mamaearth’s Rice Face Wash with Rice Water, Glycerin, Vitamin E, and Niacinamide. Niacinamide and Rice Water are both known for their ability to give you glass-like skin. This face wash helps lighten acne marks, blemishes, and age spots, giving your skin a look of youth.\u003c/p\u003e\r\n\u003cp\u003eHow do you use glow face wash?\u003c/p\u003e\r\n\u003cp\u003eTo use a glow face wash, squeeze out a little cleanser and massage your face ( for approximately 30 seconds) with your fingertips. Rinse off and pat dry. Follow it up with a toner and face moisturizer to lock in moisture. Use it twice a day for best results.\u003c/p\u003e\r\n\u003c/div\u003e"},{"attribute_code":"short_description","value":"\u003cp style=\"text-align: justify;\"\u003eWant to achieve glass skin but don’t know where to start? We’ve got you! Introducing Mamaearth Rice Water Face Wash that deeply cleanses the grime \u0026amp; grease, leaving your skin dewy and refreshed. Enriched with the goodness of Rice Water, the face wash is rich in antioxidants that help reduce blemishes and dark spots. Unlike other face washes, its creamy texture doesn’t strip your skin’s essential moisture after cleansing. Instead, it adds a boost of hydration to your skin and locks it in! The goodness of Niacinamide in our Rice Face Wash reduces the appearance of acne marks and brightens your skin tone to give you that glass-like radiant skin that you’ve been wishing for! And it’s Made Safe Certified which means it contains no harmful chemicals, just goodness of nature.\u003c/p\u003e"},{"attribute_code":"tag_keywords","value":"Glass Skin,Radiance,Glowing Skin,Luminous Skin,Skin Radiance,Face Wash,Cleanser,Face Cleanser,Deep Cleansing,Hydrating Face Wash,Hydration,Rice Water,Vitamin E,Niacinamide,Hydration,Glycerin"},{"attribute_code":"meta_keyword","value":"Glass Skin,Radiance,Glowing Skin,Luminous Skin,Skin Radiance,Face Wash,Cleanser,Face Cleanser,Deep Cleansing,Hydrating Face Wash,Hydration,Rice Water,Vitamin E,Niacinamide,Hydration,Glycerin, rice face wash, rice facewash, face wash rice water, rice water face wash benefits, rice water face wash with Niacinamide, rice water face wash for Glass Skin, rice water face wash for skin Hydration, rice face wash ingrediants , rice face wash for skin tone brightens"},{"attribute_code":"special_from_date","value":"2024-10-11 06:08:00"}],"hide_in_front":0,"image":"/r/i/rice-fw_1.jpg","imageAltTags":[],"is_in_stock":true,"name":"Rice Face Wash With Rice Water \u0026 Niacinamide for Glass Skin - 150 ml","position":"1","price":"399.00","product_card_tags":"Gently Cleanses Skin | Hydrates Skin","review_count":123,"sku":"8904417314298","special_price":"","special_price_from_date":{"date":"2024-10-11 11:38:00","timezone_type":3,"timezone":"Asia/Kolkata"},"tags":"Stock Running Low","url_key":"rice-face-wash-with-rice-water-niacinamide-for-glass-skin-150-ml","configurable_option":{"attribute_id":287,"option_id":415,"attribute_label":"Rice_Face_Wash","title":"150 ml","swatch_data":{"swatch_id":622,"option_id":415,"store_id":1,"type":0,"value":"150 ml"}},"siblings":[{"id":549,"sku":"8906087779032","name":"Rice Face Wash With Rice Water \u0026 Niacinamide for Glass Skin - 100 ml","url_key":"rice-face-wash-with-rice-water-niacinamide-for-glass-skin-100-ml","price":"269.00","is_in_stock":false,"custom_attributes":[{"attribute_code":"saving_scheme","value":"price_per_100_ml"},{"attribute_code":"volume","value":"100"}],"special_price":"","parent_id":1188,"attribute_id":287,"option_id":414,"parent_sku":"756565","attribute_label":"Rice_Face_Wash","title":"100 ml","swatch_data":{"swatch_id":620,"option_id":414,"store_id":1,"type":0,"value":"100 ml"},"special_from_date":{"date":"2023-06-09 00:10:00","timezone_type":3,"timezone":"Asia/Kolkata"}},{"id":704,"sku":"8904417305135","name":"Rice Face Wash With Rice Water \u0026 Niacinamide for Glass Skin - 100 ml (Pack of 2) ","url_key":"rice-face-wash-with-rice-water-niacinamide-for-glass-skin-100-ml-pack-of-2","price":"538.00","is_in_stock":false,"custom_attributes":[{"attribute_code":"saving_scheme","value":"price_per_100_ml"},{"attribute_code":"volume","value":"200"}],"special_price":"430.00","parent_id":1188,"attribute_id":287,"option_id":416,"parent_sku":"756565","attribute_label":"Rice_Face_Wash","title":"100 ml (Pack of 2)","swatch_data":{"swatch_id":624,"option_id":416,"store_id":1,"type":0,"value":"100 ml (Pack of 2)"},"special_from_date":{"date":"2025-05-24 00:01:00","timezone_type":3,"timezone":"Asia/Kolkata"}},{"id":1399,"sku":"8904417317497","name":"Rice Face Wash With Rice Water \u0026 Niacinamide for Glass Skin - 150 ml (Pack of 2)","url_key":"rice-face-wash-with-rice-water-niacinamide-for-glass-skin-150-ml-pack-of-2","price":"799.00","is_in_stock":true,"custom_attributes":[{"attribute_code":"saving_scheme","value":"price_per_100_ml"},{"attribute_code":"volume","value":"300"}],"special_price":"519.00","parent_id":1188,"attribute_id":287,"option_id":417,"parent_sku":"756565","attribute_label":"Rice_Face_Wash","title":"150 ml (Pack of 2)","swatch_data":{"swatch_id":626,"option_id":417,"store_id":1,"type":0,"value":"150 ml (Pack of 2)"},"special_from_date":{"date":"2025-05-24 00:01:00","timezone_type":3,"timezone":"Asia/Kolkata"}}],"product_subtitle_keys":["Buy 1 Get 1 FREE"," Face Cleanser"," Rice"],"size":"150ml","unitPrice":"2.66/ml","old_productid":"1364","generic_name":null},{"id":571,"tier_prices":[],"avg_rating_percent":97,"categories":[2,18,21,51,217,128,129,130,131,132,133,134,135,260,102,31,337,355,358,391,381,418,52,372],"configurable_option":{"attribute_id":230,"option_id":120,"attribute_label":"ubtan_facewash_variants","title":"150 ml","swatch_data":{"swatch_id":92,"option_id":120,"store_id":1,"type":0,"value":"150 ml"}},"created_at":"2022-06-10 11:39:01","custom_attributes":[{"attribute_code":"manufacturer","value":"VA Lifesciences LLP, Plot No. 9D, Sector - 2, Parwanoo, Himachal Pradesh, 173220, India,Kapco International Ltd,Plot 11,Sector3,Parwanoo, Himachal Pradesh-173220"},{"attribute_code":"meta_title","value":"Mamaearth Ubtan Face Wash for Tan Removal - 150ml"},{"attribute_code":"meta_description","value":"Ubtan face wash with turmeric \u0026 saffron for tan removal. Mamaearth tan removal face wash helps to remove tan and spots from the skin \u0026 gives natural glow. "},{"attribute_code":"image","value":"/1/_/1_125.jpg"},{"attribute_code":"small_image","value":"/1/_/1_125.jpg"},{"attribute_code":"thumbnail","value":"/1/_/1_125.jpg"},{"attribute_code":"options_container","value":"container2"},{"attribute_code":"small_image_label","value":"mamaearth turmeric face wash"},{"attribute_code":"thumbnail_label","value":"mamaearth turmeric face wash"},{"attribute_code":"country_of_manufacture","value":"IN"},{"attribute_code":"url_key","value":"ubtan-face-wash-with-turmeric-saffron-for-tan-removal-150-ml"},{"attribute_code":"msrp_display_actual_price_type","value":"0"},{"attribute_code":"gift_message_available","value":"2"},{"attribute_code":"swatch_image","value":"/1/_/1_125.jpg"},{"attribute_code":"attribute_label_1","value":"Results of Ubtan Face Wash"},{"attribute_code":"attribute_label_2","value":"Key Ingredients"},{"attribute_code":"attribute_label_3","value":"How to Use"},{"attribute_code":"attribute_label_4","value":"Suitable For"},{"attribute_code":"attribute_label_5","value":"Why Mamaearth "},{"attribute_code":"attribute_label_6","value":"List of Ingredients"},{"attribute_code":"attribute_label_7","value":"FAQs"},{"attribute_code":"best_before","value":"24 Months"},{"attribute_code":"dimensions","value":"10*5*5"},{"attribute_code":"mrp","value":"375"},{"attribute_code":"old_productid","value":"728"},{"attribute_code":"tags","value":"No. 1 Face Wash"},{"attribute_code":"marketed_by","value":"Honasa Consumer Limited, 10th and 11th Floor, Capital Cyberscape, Sector 59, Gurugram, Haryana, 122101"},{"attribute_code":"live_url","value":"https://mamaearth.in/product/ubtan-face-wash-with-turmeric-saffron-for-tan-removal-150-ml"},{"attribute_code":"license_no","value":"S-COS/10/19,HIM/COS/20/305"},{"attribute_code":"length","value":"10"},{"attribute_code":"google_category","value":"2915"},{"attribute_code":"cms_sequence","value":"1,2,3,4,5,6,7,8"},{"attribute_code":"width","value":"5"},{"attribute_code":"height","value":"5"},{"attribute_code":"breadcrumb_category","value":"51","title":"Best Face Wash for Men \u0026 Women ","url_key":"face-wash"},{"attribute_code":"custom_product_type","value":"be_skin"},{"attribute_code":"brand","value":"4"},{"attribute_code":"product_card_tags","value":"Removes Tan | Brightens Skin"},{"attribute_code":"saving_scheme","value":"price_per_100_ml"},{"attribute_code":"pdp_video","value":"https://www.youtube.com/embed/xLzPJjgF_wk"},{"attribute_code":"pdp_video_title","value":"Benefits of Ubtan Face Wash"},{"attribute_code":"pdp_subtitle","value":"Removes Tan | Brightens Skin"},{"attribute_code":"product_subtitle_keys","value":"Buy 1 Get 1 FREE, Face Cleanser, Ubtan"},{"attribute_code":"is_suitable_for_skin_type","value":"465","label":"normal"},{"attribute_code":"skin_goals","value":"469,470,471","label":"bright skin, even skin tone, cleansing"},{"attribute_code":"tax_class_id","value":"2"},{"attribute_code":"create_scarcity","value":"0"},{"attribute_code":"hide_product_infront","value":"0"},{"attribute_code":"show_in_feed","value":"1"},{"attribute_code":"base_category","value":"86"},{"attribute_code":"base_sub_category","value":"65"},{"attribute_code":"key_ingredient","value":"118"},{"attribute_code":"ubtan_facewash_variants","value":"120"},{"attribute_code":"show_price_per_unit","value":"1"},{"attribute_code":"volume","value":"150"},{"attribute_code":"enable_fbt_popup","value":"1"},{"attribute_code":"enable_product_for_wa_commerce","value":"0"},{"attribute_code":"strikethrough","value":"1"},{"attribute_code":"short_description","value":"\u003cp style=\"text-align: justify;\"\u003ePamper your skin with the age-old tradition of Ubtan and let your dull, tanned skin rejuvenate, feel fresh \u0026amp; bright. Undo the effects of tan, pollution, dirt, harmful UV rays, and harsh weather conditions with Mamaearth Ubtan Face Wash.\u003c/p\u003e\r\n\u003cp style=\"text-align: justify;\"\u003eCrafted to give you glowing skin, Mamaearth Ubtan Face Wash is enriched with the natural goodness of Turmeric and Saffron. Antioxidants in Turmeric protect skin from free radical damage. It’s also traditionally known to fight sun tan and brighten skin tone. Carrot Seed Oil and Saffron clear spots and help in tan removal. Walnut Beads in this Ubtan Face Wash help exfoliate, reduce tan while brightening the skin.\u003c/p\u003e\r\n\u003cp style=\"text-align: justify;\"\u003eAnd because of our no toxins and no harmful chemicals philosophy, you won’t find any Silicones, Parabens, mineral oil \u0026amp; dyes in our Ubtan Face Wash.\u003c/p\u003e"},{"attribute_code":"meta_keyword","value":"Mamaearth haldi ubtan face wash, mamaearth natural face wash, mamaearth ubtan natural face wash, mamaearth tan face wash, mamaearth turmeric and saffron face wash, mamaearth face wash turmeric, mamaearth turmeric face wash, ubtan face wash mamaearth, mamaearth ubtan face wash, mamaearth ubtan face wash for dry skin, mamaearth saffron face wash, mamaearth ubtan natural face wash, mamaearth tan face wash, ubtan mamaearth face wash, ubtan face wash, mamaearth ubtan face wash review, tan removal face wash, tan glow face wash, de tan face wash, ubtan face wash for face, ubtan face wash  for oily skin, ubtan face wash  ingredients, ubtan face wash  for combination skin, ubtan face wash  for sensitive skin, ubtan face wash  for glowing skin, Mamaearth ubtan face wash 50 ml, ubtan face wash for instant glowing skin, Mamaearth ubtan natural with turmeric \u0026 saffron face wash, Mamaearth face wash 100ml, mamaearth ubtan face wash benefits, mama earth ubtan face wash benefits, mamaearth ubtan face wash uses, mamaearth ubtan face wash with turmeric \u0026 saffron, mamaearth ubtan face wash for oily skin, mamaearth turmeric face wash, mamaearth ubtan face wash with turmeric \u0026 saffron"},{"attribute_code":"attribute_value_1","value":"\u003cdiv class=\"list-banner\"\u003e\u003cimg src=\"https://images.mamaearth.in/wysiwyg/All-Aplus/Ubtan-FW-150ml-A%2B.jpg\" alt=\"Ubtan face wash mamaearth Removes Tan\" /\u003e\r\n\u003cp style=\"text-align: centear;\"\u003eUbtan face wash mamaearth Removes Tan\u003c/p\u003e\r\n\u003c/div\u003e"},{"attribute_code":"attribute_value_2","value":"\u003cul class=\"woodmart-list\"\u003e\r\n\u003cli\u003e\r\n\u003cdiv class=\"list-icon\"\u003e\u003cimg src=\"https://images.mamaearth.in/wysiwyg/Ubtan%20Face%20Wash%20with%20Turmeric%20%26%20Saffron%20for%20Tan%20Removal%20%E2%80%93%20100ml/mamaearth%20face%20wash%20turmeric%20as%20ubtan%20mamaearth%20face%20wash%20with%20Turmeric%20and%20mama%20earth%20ubtan%20face%20wash%20benefits1.jpg\" alt=\"turmeric\" width=\"100\" height=\"100\" /\u003e\u003c/div\u003e\r\n\u003cspan class=\"list-content\" style=\"text-align: justify;\"\u003e\u003cstrong\u003eTurmeric : \u003c/strong\u003eWith anti-Inflammatory and antiseptic properties, Turmeric protects the skin naturally. It revives the skin by bringing out its natural glow while delaying premature aging*.\u003cbr /\u003e*Natural properties of ingredients\u003c/span\u003e\u003c/li\u003e\r\n\u003cli\u003e\r\n\u003cdiv class=\"list-icon\"\u003e\u003cimg src=\"https://images.mamaearth.in/wysiwyg/Ubtan%20Face%20Wash%20with%20Turmeric%20%26%20Saffron%20for%20Tan%20Removal%20%E2%80%93%20100ml/Mamaearth%20ubtan%20natural%20face%20wash%20for%20all%20skin%20types%20with%20Walnut%20Beads%20and%20natural%20mamaearth%20ubtan%20face%20wash%20benefits1.jpg\" alt=\"Walnut Beads\" width=\"200\" height=\"201\" /\u003e\u003c/div\u003e\r\n\u003cspan class=\"list-content\" style=\"text-align: justify;\"\u003e\u003cstrong\u003eWalnut Beads : \u003c/strong\u003e Walnut Beads exfoliates the dead cells from the upper layer of the skin leaving the skin refreshed and bright*.\u003cbr /\u003e*Natural properties of ingredients\u003c/span\u003e\u003c/li\u003e\r\n\u003cli\u003e\r\n\u003cdiv class=\"list-icon\"\u003e\u003cimg src=\"https://images.mamaearth.in/wysiwyg/Ubtan%20Face%20Wash%20with%20Turmeric%20%26%20Saffron%20for%20Tan%20Removal%20%E2%80%93%20100ml/mamaearth%20tan%20face%20wash%20is%20ubtan%20face%20wash%20with%20Sa%EF%AC%80ron%20like%20Mamaearth%20face%20wash%20haldi%20_%20mamas%20ubtan%20face%20wash%201.jpg\" alt=\"Saﬀron\" width=\"150\" height=\"150\" /\u003e\u003c/div\u003e\r\n\u003cspan class=\"list-content\" style=\"text-align: justify;\"\u003e\u003cstrong\u003eSaﬀron :\u003c/strong\u003e Saffron contains many vitamins and antioxidants that are beneficial for the skin. It not only adds to the skin’s natural radiance \u0026amp; glow but also soothes it*.\u003cbr /\u003e*Natural properties of ingredients \u003c/span\u003e\u003c/li\u003e\r\n\u003cli\u003e\r\n\u003cdiv class=\"list-icon\"\u003e\u003cimg src=\"https://images.mamaearth.in/wysiwyg/Ubtan%20Face%20Wash%20with%20Turmeric%20%26%20Saffron%20for%20Tan%20Removal%20%E2%80%93%20100ml/Mamaearth%20ubtan%20face%20wash%20uses%20as%20Mamaearth%20Haldi%20Ubtan%20Face%20Wash%20as%20Tan%20Removal%20Face%20Wash%20with%20Carrot%20Oil1.jpg\" alt=\"Carrot Seed Oil\" width=\"200\" height=\"201\" /\u003e\u003c/div\u003e\r\n\u003cspan class=\"list-content\" style=\"text-align: justify;\"\u003e\u003cstrong\u003eCarrot Seed Oil : \u003c/strong\u003e Helps remove tan and spots from the skin while revealing a natural glow*.\u003cbr /\u003e*Natural properties of ingredients\u003c/span\u003e\u003c/li\u003e\r\n\u003c/ul\u003e"},{"attribute_code":"attribute_value_3","value":"\u003cul\u003e\r\n\u003cli\u003e\u003cspan class=\"list-content\"\u003e\u003cstrong\u003eStep 1 : \u003c/strong\u003eApply an adequate amount of Ubtan Natural Glow Face Wash on wet face\u003c/span\u003e\u003c/li\u003e\r\n\u003cli\u003e\u003cspan class=\"list-content\"\u003e\u003cstrong\u003eStep 2 : \u003c/strong\u003eMassage gently with your ﬁngertips in a circular motion\u003c/span\u003e\u003c/li\u003e\r\n\u003cli\u003e\u003cspan class=\"list-content\"\u003e\u003cstrong\u003eStep 3 : \u003c/strong\u003eRinse oﬀ with water and pat dry. Use at least twice a week for best result \u003c/span\u003e\u003c/li\u003e\r\n\u003c/ul\u003e"},{"attribute_code":"attribute_value_4","value":"\u003cul style=\"list-style: disc; padding-left: 1em;\"\u003e\r\n\u003cli\u003e\u003cspan class=\"list-content\"\u003eMen and women of age 18 years and above \u003c/span\u003e\u003c/li\u003e\r\n\u003cli\u003e\u003cspan class=\"list-content\"\u003eThe face wash is suitable for all skin types \u003c/span\u003e\u003c/li\u003e\r\n\u003c/ul\u003e"},{"attribute_code":"attribute_value_5","value":"\u003cul class=\"compare-list\"\u003e\r\n\u003cli\u003e\r\n\u003cdiv class=\"compare-img\"\u003e\u003cimg src=\"https://images.mamaearth.in/wysiwyg/09-06-2023/ubtan-face-wash_2_1_1_white_bg.jpg\" alt=\"turmeric face wash for skin\" width=\"1200\" height=\"1200\" /\u003e\u003c/div\u003e\r\n\u003cdiv class=\"compare-content\"\u003e\r\n\u003cul\u003e\r\n\u003cli\u003eGentle Exfoliation\u003c/li\u003e\r\n\u003cli\u003eRemoves Dirt and Other Pollutants\u003c/li\u003e\r\n\u003cli\u003eBrightens Skin\u003c/li\u003e\r\n\u003cli\u003eReduces Sun Damage*\u003c/li\u003e\r\n\u003cli\u003eSuitable for All Skin Types\u003c/li\u003e\r\n*Based on the natural properties of the key ingredients.\u003c/ul\u003e\r\n\u003c/div\u003e\r\n\u003c/li\u003e\r\n\u003cli\u003e\r\n\u003cdiv class=\"compare-img\"\u003e\u003cimg src=\"https://images.mamaearth.in/wysiwyg/Ubtan%20Face%20Wash%20with%20Turmeric%20%26%20Saffron%20for%20Tan%20Removal%20%E2%80%93%20100ml/Mamaearth%20face%20wash%20100ml%20for%20dry%20skin%20with%20turmeric%20and%20so%20many%20benefits%20of%20mamaearth%20ubtan%20face%20wash_%20saffron1.jpg\" alt=\"Mama Ubtan Face Wash\" /\u003e\u003c/div\u003e\r\n\u003cdiv class=\"compare-content\"\u003e\r\n\u003cul\u003e\r\n\u003cli\u003eHarsh Exfoliation\u003c/li\u003e\r\n\u003cli\u003eDoesn’t Remove Dirt and Other Pollutants\u003c/li\u003e\r\n\u003cli\u003eDoesn’t Brighten Skin\u003c/li\u003e\r\n\u003cli\u003eDoesn’t Help with Sun Damage\u003c/li\u003e\r\n\u003cli\u003eNot Suitable For All Skin Types\u003c/li\u003e\r\n\u003c/ul\u003e\r\n\u003c/div\u003e\r\n\u003c/li\u003e\r\n\u003c/ul\u003e"},{"attribute_code":"attribute_value_6","value":"\u003ctable\u003e\r\n\u003ctbody\u003e\r\n\u003ctr\u003e\r\n\u003ctd\u003e\r\n\u003cp\u003e\u003cstrong\u003eIngredients\u003c/strong\u003e\u003c/p\u003e\r\n\u003c/td\u003e\r\n\u003ctd\u003e\r\n\u003cp\u003e\u003cstrong\u003eType\u003c/strong\u003e\u003c/p\u003e\r\n\u003c/td\u003e\r\n\u003ctd\u003e\r\n\u003cp\u003e\u003cstrong\u003eWhere Is It From?\u003c/strong\u003e\u003c/p\u003e\r\n\u003c/td\u003e\r\n\u003ctd\u003e\r\n\u003cp\u003e\u003cstrong\u003eHow It Helps?\u003c/strong\u003e\u003c/p\u003e\r\n\u003c/td\u003e\r\n\u003c/tr\u003e\r\n\u003ctr\u003e\r\n\u003ctd\u003e\r\n\u003cp\u003e\u003cspan style=\"font-weight: 400;\"\u003eTurmeric Water\u003c/span\u003e\u003c/p\u003e\r\n\u003c/td\u003e\r\n\u003ctd\u003e\r\n\u003cp\u003e\u003cspan style=\"font-weight: 400;\"\u003eNatural\u003c/span\u003e\u003c/p\u003e\r\n\u003c/td\u003e\r\n\u003ctd\u003e\r\n\u003cp\u003e\u003cspan style=\"font-weight: 400;\"\u003eTurmeric\u003c/span\u003e\u003c/p\u003e\r\n\u003c/td\u003e\r\n\u003ctd\u003e\r\n\u003cp\u003e\u003cspan style=\"font-weight: 400;\"\u003eSkin-Soothing\u003c/span\u003e\u003c/p\u003e\r\n\u003c/td\u003e\r\n\u003c/tr\u003e\r\n\u003ctr\u003e\r\n\u003ctd\u003e\r\n\u003cp\u003e\u003cspan style=\"font-weight: 400;\"\u003eStearic Acid\u003c/span\u003e\u003c/p\u003e\r\n\u003c/td\u003e\r\n\u003ctd\u003e\r\n\u003cp\u003e\u003cspan style=\"font-weight: 400;\"\u003eNatural\u003c/span\u003e\u003c/p\u003e\r\n\u003c/td\u003e\r\n\u003ctd\u003e\r\n\u003cp\u003e\u003cspan style=\"font-weight: 400;\"\u003ePlant-Based\u003c/span\u003e\u003c/p\u003e\r\n\u003c/td\u003e\r\n\u003ctd\u003e\r\n\u003cp\u003e\u003cspan style=\"font-weight: 400;\"\u003eCleansing Agent\u003c/span\u003e\u003c/p\u003e\r\n\u003c/td\u003e\r\n\u003c/tr\u003e\r\n\u003ctr\u003e\r\n\u003ctd\u003e\r\n\u003cp\u003e\u003cspan style=\"font-weight: 400;\"\u003eCaprylyl/Capryl Glucoside\u003c/span\u003e\u003c/p\u003e\r\n\u003c/td\u003e\r\n\u003ctd\u003e\r\n\u003cp\u003e\u003cspan style=\"font-weight: 400;\"\u003eNatural\u003c/span\u003e\u003c/p\u003e\r\n\u003c/td\u003e\r\n\u003ctd\u003e\r\n\u003cp\u003e\u003cspan style=\"font-weight: 400;\"\u003ePlant-Based\u003c/span\u003e\u003c/p\u003e\r\n\u003c/td\u003e\r\n\u003ctd\u003e\r\n\u003cp\u003e\u003cspan style=\"font-weight: 400;\"\u003eConditioning and Moisturizing Agent\u003c/span\u003e\u003c/p\u003e\r\n\u003c/td\u003e\r\n\u003c/tr\u003e\r\n\u003ctr\u003e\r\n\u003ctd\u003e\r\n\u003cp\u003e\u003cspan style=\"font-weight: 400;\"\u003eSodium Methyl Cocoyl Taurate\u003c/span\u003e\u003c/p\u003e\r\n\u003c/td\u003e\r\n\u003ctd\u003e\r\n\u003cp\u003e\u003cspan style=\"font-weight: 400;\"\u003eNatural\u003c/span\u003e\u003c/p\u003e\r\n\u003c/td\u003e\r\n\u003ctd\u003e\r\n\u003cp\u003e\u003cspan style=\"font-weight: 400;\"\u003ePlant-Based\u003c/span\u003e\u003c/p\u003e\r\n\u003c/td\u003e\r\n\u003ctd\u003e\r\n\u003cp\u003e\u003cspan style=\"font-weight: 400;\"\u003eSkin Softener\u003c/span\u003e\u003c/p\u003e\r\n\u003c/td\u003e\r\n\u003c/tr\u003e\r\n\u003ctr\u003e\r\n\u003ctd\u003e\r\n\u003cp\u003e\u003cspan style=\"font-weight: 400;\"\u003eSodium Methyl Cocoyl Taurate\u003c/span\u003e\u003c/p\u003e\r\n\u003c/td\u003e\r\n\u003ctd\u003e\r\n\u003cp\u003e\u003cspan style=\"font-weight: 400;\"\u003eNatural\u003c/span\u003e\u003c/p\u003e\r\n\u003c/td\u003e\r\n\u003ctd\u003e\r\n\u003cp\u003e\u003cspan style=\"font-weight: 400;\"\u003ePlant-Based\u003c/span\u003e\u003c/p\u003e\r\n\u003c/td\u003e\r\n\u003ctd\u003e\r\n\u003cp\u003e\u003cspan style=\"font-weight: 400;\"\u003eSurfactant\u003c/span\u003e\u003c/p\u003e\r\n\u003c/td\u003e\r\n\u003c/tr\u003e\r\n\u003ctr\u003e\r\n\u003ctd\u003e\r\n\u003cp\u003e\u003cspan style=\"font-weight: 400;\"\u003eGlycerin\u003c/span\u003e\u003c/p\u003e\r\n\u003c/td\u003e\r\n\u003ctd\u003e\r\n\u003cp\u003e\u003cspan style=\"font-weight: 400;\"\u003eNatural\u003c/span\u003e\u003c/p\u003e\r\n\u003c/td\u003e\r\n\u003ctd\u003e\r\n\u003cp\u003e\u003cspan style=\"font-weight: 400;\"\u003ePlant-Based\u003c/span\u003e\u003c/p\u003e\r\n\u003c/td\u003e\r\n\u003ctd\u003e\r\n\u003cp\u003e\u003cspan style=\"font-weight: 400;\"\u003eSkin-Replenishing\u003c/span\u003e\u003c/p\u003e\r\n\u003c/td\u003e\r\n\u003c/tr\u003e\r\n\u003ctr\u003e\r\n\u003ctd\u003e\r\n\u003cp\u003e\u003cspan style=\"font-weight: 400;\"\u003eSodium Lauroyl Sarcosinate\u003c/span\u003e\u003c/p\u003e\r\n\u003c/td\u003e\r\n\u003ctd\u003e\r\n\u003cp\u003e\u003cspan style=\"font-weight: 400;\"\u003eNatural\u003c/span\u003e\u003c/p\u003e\r\n\u003c/td\u003e\r\n\u003ctd\u003e\r\n\u003cp\u003e\u003cspan style=\"font-weight: 400;\"\u003ePlant-Based\u003c/span\u003e\u003c/p\u003e\r\n\u003c/td\u003e\r\n\u003ctd\u003e\r\n\u003cp\u003e\u003cspan style=\"font-weight: 400;\"\u003eCleansing Agent\u003c/span\u003e\u003c/p\u003e\r\n\u003c/td\u003e\r\n\u003c/tr\u003e\r\n\u003ctr\u003e\r\n\u003ctd\u003e\r\n\u003cp\u003e\u003cspan style=\"font-weight: 400;\"\u003eEthylene Glycol Distearate\u003c/span\u003e\u003c/p\u003e\r\n\u003c/td\u003e\r\n\u003ctd\u003e\r\n\u003cp\u003e\u003cspan style=\"font-weight: 400;\"\u003eNatural\u003c/span\u003e\u003c/p\u003e\r\n\u003c/td\u003e\r\n\u003ctd\u003e\r\n\u003cp\u003e\u003cspan style=\"font-weight: 400;\"\u003eFatty-Acid\u003c/span\u003e\u003c/p\u003e\r\n\u003c/td\u003e\r\n\u003ctd\u003e\r\n\u003cp\u003e\u003cspan style=\"font-weight: 400;\"\u003eEmulsifier\u003c/span\u003e\u003c/p\u003e\r\n\u003c/td\u003e\r\n\u003c/tr\u003e\r\n\u003ctr\u003e\r\n\u003ctd\u003e\r\n\u003cp\u003e\u003cspan style=\"font-weight: 400;\"\u003ePotassium Hydroxide\u003c/span\u003e\u003c/p\u003e\r\n\u003c/td\u003e\r\n\u003ctd\u003e\r\n\u003cp\u003e\u003cspan style=\"font-weight: 400;\"\u003eSynthetic\u003c/span\u003e\u003c/p\u003e\r\n\u003c/td\u003e\r\n\u003ctd\u003e\r\n\u003cp\u003e\u003cspan style=\"font-weight: 400;\"\u003eLab Synthesized\u003c/span\u003e\u003c/p\u003e\r\n\u003c/td\u003e\r\n\u003ctd\u003e\r\n\u003cp\u003e\u003cspan style=\"font-weight: 400;\"\u003epH Adjuster\u003c/span\u003e\u003c/p\u003e\r\n\u003c/td\u003e\r\n\u003c/tr\u003e\r\n\u003ctr\u003e\r\n\u003ctd\u003e\r\n\u003cp\u003e\u003cspan style=\"font-weight: 400;\"\u003eLauric Acid\u003c/span\u003e\u003c/p\u003e\r\n\u003c/td\u003e\r\n\u003ctd\u003e\r\n\u003cp\u003e\u003cspan style=\"font-weight: 400;\"\u003eNatural\u003c/span\u003e\u003c/p\u003e\r\n\u003c/td\u003e\r\n\u003ctd\u003e\r\n\u003cp\u003e\u003cspan style=\"font-weight: 400;\"\u003ePlant \u0026amp; Animal Fats\u003c/span\u003e\u003c/p\u003e\r\n\u003c/td\u003e\r\n\u003ctd\u003e\r\n\u003cp\u003e\u003cspan style=\"font-weight: 400;\"\u003eAnti-Inflammatory\u003c/span\u003e\u003c/p\u003e\r\n\u003c/td\u003e\r\n\u003c/tr\u003e\r\n\u003ctr\u003e\r\n\u003ctd\u003e\r\n\u003cp\u003e\u003cspan style=\"font-weight: 400;\"\u003eCoconut Oil\u003c/span\u003e\u003c/p\u003e\r\n\u003c/td\u003e\r\n\u003ctd\u003e\r\n\u003cp\u003e\u003cspan style=\"font-weight: 400;\"\u003eNatural\u003c/span\u003e\u003c/p\u003e\r\n\u003c/td\u003e\r\n\u003ctd\u003e\r\n\u003cp\u003e\u003cspan style=\"font-weight: 400;\"\u003eCoconut\u003c/span\u003e\u003c/p\u003e\r\n\u003c/td\u003e\r\n\u003ctd\u003e\r\n\u003cp\u003e\u003cspan style=\"font-weight: 400;\"\u003eCleansing Agent\u003c/span\u003e\u003c/p\u003e\r\n\u003c/td\u003e\r\n\u003c/tr\u003e\r\n\u003ctr\u003e\r\n\u003ctd\u003e\r\n\u003cp\u003e\u003cspan style=\"font-weight: 400;\"\u003eMyristic Acid\u003c/span\u003e\u003c/p\u003e\r\n\u003c/td\u003e\r\n\u003ctd\u003e\r\n\u003cp\u003e\u003cspan style=\"font-weight: 400;\"\u003eNatural\u003c/span\u003e\u003c/p\u003e\r\n\u003c/td\u003e\r\n\u003ctd\u003e\r\n\u003cp\u003e\u003cspan style=\"font-weight: 400;\"\u003eIsopropyl Alcohol and Myristic Acid\u003c/span\u003e\u003c/p\u003e\r\n\u003c/td\u003e\r\n\u003ctd\u003e\r\n\u003cp\u003e\u003cspan style=\"font-weight: 400;\"\u003eEmollient, Thickening Agent\u003c/span\u003e\u003c/p\u003e\r\n\u003c/td\u003e\r\n\u003c/tr\u003e\r\n\u003ctr\u003e\r\n\u003ctd\u003e\r\n\u003cp\u003e\u003cspan style=\"font-weight: 400;\"\u003eAcrylates/Beheneth-25 Methacrylate Copolymer\u003c/span\u003e\u003c/p\u003e\r\n\u003c/td\u003e\r\n\u003ctd\u003e\r\n\u003cp\u003e\u003cspan style=\"font-weight: 400;\"\u003eSynthetic\u003c/span\u003e\u003c/p\u003e\r\n\u003c/td\u003e\r\n\u003ctd\u003e\r\n\u003cp\u003e\u003cspan style=\"font-weight: 400;\"\u003eLab Synthesized\u003c/span\u003e\u003c/p\u003e\r\n\u003c/td\u003e\r\n\u003ctd\u003e\r\n\u003cp\u003e\u003cspan style=\"font-weight: 400;\"\u003eThickening Agent\u003c/span\u003e\u003c/p\u003e\r\n\u003c/td\u003e\r\n\u003c/tr\u003e\r\n\u003ctr\u003e\r\n\u003ctd\u003e\r\n\u003cp\u003e\u003cspan style=\"font-weight: 400;\"\u003e Polysorbate 20\u003c/span\u003e\u003c/p\u003e\r\n\u003c/td\u003e\r\n\u003ctd\u003e\r\n\u003cp\u003e\u003cspan style=\"font-weight: 400;\"\u003eSynthetic\u003c/span\u003e\u003c/p\u003e\r\n\u003c/td\u003e\r\n\u003ctd\u003e\r\n\u003cp\u003e\u003cspan style=\"font-weight: 400;\"\u003eLab Synthesized\u003c/span\u003e\u003c/p\u003e\r\n\u003c/td\u003e\r\n\u003ctd\u003e\r\n\u003cp\u003e\u003cspan style=\"font-weight: 400;\"\u003eEmulsifier\u003c/span\u003e\u003c/p\u003e\r\n\u003c/td\u003e\r\n\u003c/tr\u003e\r\n\u003ctr\u003e\r\n\u003ctd\u003e\r\n\u003cp\u003e\u003cspan style=\"font-weight: 400;\"\u003eGlyceryl Monostearate\u003c/span\u003e\u003c/p\u003e\r\n\u003c/td\u003e\r\n\u003ctd\u003e\r\n\u003cp\u003e\u003cspan style=\"font-weight: 400;\"\u003eNatural\u003c/span\u003e\u003c/p\u003e\r\n\u003c/td\u003e\r\n\u003ctd\u003e\r\n\u003cp\u003e\u003cspan style=\"font-weight: 400;\"\u003ePlant-Based\u003c/span\u003e\u003c/p\u003e\r\n\u003c/td\u003e\r\n\u003ctd\u003e\r\n\u003cp\u003e\u003cspan style=\"font-weight: 400;\"\u003eEmulsifier\u003c/span\u003e\u003c/p\u003e\r\n\u003c/td\u003e\r\n\u003c/tr\u003e\r\n\u003ctr\u003e\r\n\u003ctd\u003e\r\n\u003cp\u003e\u003cspan style=\"font-weight: 400;\"\u003ePolyquaternium 7\u003c/span\u003e\u003c/p\u003e\r\n\u003c/td\u003e\r\n\u003ctd\u003e\r\n\u003cp\u003e\u003cspan style=\"font-weight: 400;\"\u003eSynthetic\u003c/span\u003e\u003c/p\u003e\r\n\u003c/td\u003e\r\n\u003ctd\u003e\r\n\u003cp\u003e\u003cspan style=\"font-weight: 400;\"\u003eLab Synthesized\u003c/span\u003e\u003c/p\u003e\r\n\u003c/td\u003e\r\n\u003ctd\u003e\r\n\u003cp\u003e\u003cspan style=\"font-weight: 400;\"\u003eFilm-forming Agent \u0026amp; Antistatic\u003c/span\u003e\u003c/p\u003e\r\n\u003c/td\u003e\r\n\u003c/tr\u003e\r\n\u003ctr\u003e\r\n\u003ctd\u003e\r\n\u003cp\u003e\u003cspan style=\"font-weight: 400;\"\u003e D-Panthenol\u003c/span\u003e\u003c/p\u003e\r\n\u003c/td\u003e\r\n\u003ctd\u003e\r\n\u003cp\u003e\u003cspan style=\"font-weight: 400;\"\u003eSynthetic\u003c/span\u003e\u003c/p\u003e\r\n\u003c/td\u003e\r\n\u003ctd\u003e\r\n\u003cp\u003e\u003cspan style=\"font-weight: 400;\"\u003eLab \u003c/span\u003e\u003c/p\u003e\r\n\u003cp\u003e\u003cspan style=\"font-weight: 400;\"\u003eSynthesized\u003c/span\u003e\u003c/p\u003e\r\n\u003c/td\u003e\r\n\u003ctd\u003e\r\n\u003cp\u003e\u003cspan style=\"font-weight: 400;\"\u003eMoisturizing Agent\u003c/span\u003e\u003c/p\u003e\r\n\u003c/td\u003e\r\n\u003c/tr\u003e\r\n\u003ctr\u003e\r\n\u003ctd\u003e\r\n\u003cp\u003e\u003cspan style=\"font-weight: 400;\"\u003e Walnut Beads\u003c/span\u003e\u003c/p\u003e\r\n\u003c/td\u003e\r\n\u003ctd\u003e\r\n\u003cp\u003e\u003cspan style=\"font-weight: 400;\"\u003eNatural\u003c/span\u003e\u003c/p\u003e\r\n\u003c/td\u003e\r\n\u003ctd\u003e\r\n\u003cp\u003e\u003cspan style=\"font-weight: 400;\"\u003eWalnut\u003c/span\u003e\u003c/p\u003e\r\n\u003c/td\u003e\r\n\u003ctd\u003e\r\n\u003cp\u003e\u003cspan style=\"font-weight: 400;\"\u003eExfoliation\u003c/span\u003e\u003c/p\u003e\r\n\u003c/td\u003e\r\n\u003c/tr\u003e\r\n\u003ctr\u003e\r\n\u003ctd\u003e\r\n\u003cp\u003e\u003cspan style=\"font-weight: 400;\"\u003ePhenoxyethanol\u003c/span\u003e\u003c/p\u003e\r\n\u003c/td\u003e\r\n\u003ctd\u003e\r\n\u003cp\u003e\u003cspan style=\"font-weight: 400;\"\u003eSynthetic\u003c/span\u003e\u003c/p\u003e\r\n\u003c/td\u003e\r\n\u003ctd\u003e\r\n\u003cp\u003e\u003cspan style=\"font-weight: 400;\"\u003eLab Synthesized\u003c/span\u003e\u003c/p\u003e\r\n\u003c/td\u003e\r\n\u003ctd\u003e\r\n\u003cp\u003e\u003cspan style=\"font-weight: 400;\"\u003eAromatic agent\u003c/span\u003e\u003c/p\u003e\r\n\u003c/td\u003e\r\n\u003c/tr\u003e\r\n\u003ctr\u003e\r\n\u003ctd\u003e\r\n\u003cp\u003e\u003cspan style=\"font-weight: 400;\"\u003eEthylhexylglycerin\u003c/span\u003e\u003c/p\u003e\r\n\u003c/td\u003e\r\n\u003ctd\u003e\r\n\u003cp\u003e\u003cspan style=\"font-weight: 400;\"\u003eNatural\u003c/span\u003e\u003c/p\u003e\r\n\u003c/td\u003e\r\n\u003ctd\u003e\r\n\u003cp\u003e\u003cspan style=\"font-weight: 400;\"\u003ePlant-Based\u003c/span\u003e\u003c/p\u003e\r\n\u003c/td\u003e\r\n\u003ctd\u003e\r\n\u003cp\u003e\u003cspan style=\"font-weight: 400;\"\u003ePreservative\u003c/span\u003e\u003c/p\u003e\r\n\u003c/td\u003e\r\n\u003c/tr\u003e\r\n\u003ctr\u003e\r\n\u003ctd\u003e\r\n\u003cp\u003e\u003cspan style=\"font-weight: 400;\"\u003eTurmeric Powder\u003c/span\u003e\u003c/p\u003e\r\n\u003c/td\u003e\r\n\u003ctd\u003e\r\n\u003cp\u003e\u003cspan style=\"font-weight: 400;\"\u003eNatural\u003c/span\u003e\u003c/p\u003e\r\n\u003c/td\u003e\r\n\u003ctd\u003e\r\n\u003cp\u003e\u003cspan style=\"font-weight: 400;\"\u003eTurmeric\u003c/span\u003e\u003c/p\u003e\r\n\u003c/td\u003e\r\n\u003ctd\u003e\r\n\u003cp\u003e\u003cspan style=\"font-weight: 400;\"\u003eSkin-Soothing\u003c/span\u003e\u003c/p\u003e\r\n\u003c/td\u003e\r\n\u003c/tr\u003e\r\n\u003ctr\u003e\r\n\u003ctd\u003e\r\n\u003cp\u003e\u003cspan style=\"font-weight: 400;\"\u003eSaffron Extract\u003c/span\u003e\u003c/p\u003e\r\n\u003c/td\u003e\r\n\u003ctd\u003e\r\n\u003cp\u003e\u003cspan style=\"font-weight: 400;\"\u003eNatural\u003c/span\u003e\u003c/p\u003e\r\n\u003c/td\u003e\r\n\u003ctd\u003e\r\n\u003cp\u003e\u003cspan style=\"font-weight: 400;\"\u003eSaffron\u003c/span\u003e\u003c/p\u003e\r\n\u003c/td\u003e\r\n\u003ctd\u003e\r\n\u003cp\u003e\u003cspan style=\"font-weight: 400;\"\u003eSkin Brightening Agent\u003c/span\u003e\u003c/p\u003e\r\n\u003c/td\u003e\r\n\u003c/tr\u003e\r\n\u003ctr\u003e\r\n\u003ctd\u003e\r\n\u003cp\u003e\u003cspan style=\"font-weight: 400;\"\u003eXanthan Gum\u003c/span\u003e\u003c/p\u003e\r\n\u003c/td\u003e\r\n\u003ctd\u003e\r\n\u003cp\u003e\u003cspan style=\"font-weight: 400;\"\u003eSynthetic\u003c/span\u003e\u003c/p\u003e\r\n\u003c/td\u003e\r\n\u003ctd\u003e\r\n\u003cp\u003e\u003cspan style=\"font-weight: 400;\"\u003eLab\u003c/span\u003e\u003c/p\u003e\r\n\u003cp\u003e\u003cspan style=\"font-weight: 400;\"\u003eSynthesized\u003c/span\u003e\u003c/p\u003e\r\n\u003c/td\u003e\r\n\u003ctd\u003e\r\n\u003cp\u003e\u003cspan style=\"font-weight: 400;\"\u003eThickening Agent\u003c/span\u003e\u003c/p\u003e\r\n\u003c/td\u003e\r\n\u003c/tr\u003e\r\n\u003ctr\u003e\r\n\u003ctd\u003e\r\n\u003cp\u003e\u003cspan style=\"font-weight: 400;\"\u003e Titanium Dioxide\u003c/span\u003e\u003c/p\u003e\r\n\u003c/td\u003e\r\n\u003ctd\u003e\r\n\u003cp\u003e\u003cspan style=\"font-weight: 400;\"\u003eNatural\u003c/span\u003e\u003c/p\u003e\r\n\u003c/td\u003e\r\n\u003ctd\u003e\r\n\u003cp\u003e\u003cspan style=\"font-weight: 400;\"\u003eMineral-Based\u003c/span\u003e\u003c/p\u003e\r\n\u003c/td\u003e\r\n\u003ctd\u003e\r\n\u003cp\u003e\u003cspan style=\"font-weight: 400;\"\u003eUV Filtering Agent\u003c/span\u003e\u003c/p\u003e\r\n\u003c/td\u003e\r\n\u003c/tr\u003e\r\n\u003ctr\u003e\r\n\u003ctd\u003e\r\n\u003cp\u003e\u003cspan style=\"font-weight: 400;\"\u003eIFRA Certified Fragrance\u003c/span\u003e\u003c/p\u003e\r\n\u003c/td\u003e\r\n\u003ctd\u003e\r\n\u003cp\u003e\u003cspan style=\"font-weight: 400;\"\u003eSynthetic\u003c/span\u003e\u003c/p\u003e\r\n\u003c/td\u003e\r\n\u003ctd\u003e\r\n\u003cp\u003e\u003cspan style=\"font-weight: 400;\"\u003eLab Synthesized\u003c/span\u003e\u003c/p\u003e\r\n\u003c/td\u003e\r\n\u003ctd\u003e\r\n\u003cp\u003e\u003cspan style=\"font-weight: 400;\"\u003eFragrance\u003c/span\u003e\u003c/p\u003e\r\n\u003c/td\u003e\r\n\u003c/tr\u003e\r\n\u003ctr\u003e\r\n\u003ctd\u003e\r\n\u003cp\u003e\u003cspan style=\"font-weight: 400;\"\u003eLiquorice Extract\u003c/span\u003e\u003c/p\u003e\r\n\u003c/td\u003e\r\n\u003ctd\u003e\r\n\u003cp\u003e\u003cspan style=\"font-weight: 400;\"\u003eNatural\u003c/span\u003e\u003c/p\u003e\r\n\u003c/td\u003e\r\n\u003ctd\u003e\r\n\u003cp\u003e\u003cspan style=\"font-weight: 400;\"\u003ePlant-Based\u003c/span\u003e\u003c/p\u003e\r\n\u003c/td\u003e\r\n\u003ctd\u003e\r\n\u003cp\u003e\u003cspan style=\"font-weight: 400;\"\u003eSkin brightener\u003c/span\u003e\u003c/p\u003e\r\n\u003c/td\u003e\r\n\u003c/tr\u003e\r\n\u003ctr\u003e\r\n\u003ctd\u003e\r\n\u003cp\u003e\u003cspan style=\"font-weight: 400;\"\u003eVitamin E\u003c/span\u003e\u003c/p\u003e\r\n\u003c/td\u003e\r\n\u003ctd\u003e\r\n\u003cp\u003e\u003cspan style=\"font-weight: 400;\"\u003eNatural\u003c/span\u003e\u003c/p\u003e\r\n\u003c/td\u003e\r\n\u003ctd\u003e\r\n\u003cp\u003e\u003cspan style=\"font-weight: 400;\"\u003ePlant-Based\u003c/span\u003e\u003c/p\u003e\r\n\u003c/td\u003e\r\n\u003ctd\u003e\r\n\u003cp\u003e\u003cspan style=\"font-weight: 400;\"\u003eAntioxidant \u0026amp; Emollient\u003c/span\u003e\u003c/p\u003e\r\n\u003c/td\u003e\r\n\u003c/tr\u003e\r\n\u003ctr\u003e\r\n\u003ctd\u003e\r\n\u003cp\u003e\u003cspan style=\"font-weight: 400;\"\u003eSodium Hydroxide\u003c/span\u003e\u003c/p\u003e\r\n\u003c/td\u003e\r\n\u003ctd\u003e\r\n\u003cp\u003e\u003cspan style=\"font-weight: 400;\"\u003eSynthetic\u003c/span\u003e\u003c/p\u003e\r\n\u003c/td\u003e\r\n\u003ctd\u003e\r\n\u003cp\u003e\u003cspan style=\"font-weight: 400;\"\u003eLab Synthesized\u003c/span\u003e\u003c/p\u003e\r\n\u003c/td\u003e\r\n\u003ctd\u003e\r\n\u003cp\u003e\u003cspan style=\"font-weight: 400;\"\u003epH Adjuster\u003c/span\u003e\u003c/p\u003e\r\n\u003c/td\u003e\r\n\u003c/tr\u003e\r\n\u003ctr\u003e\r\n\u003ctd\u003e\r\n\u003cp\u003e\u003cspan style=\"font-weight: 400;\"\u003eNiacinamide\u003c/span\u003e\u003c/p\u003e\r\n\u003c/td\u003e\r\n\u003ctd\u003e\r\n\u003cp\u003e\u003cspan style=\"font-weight: 400;\"\u003eNatural\u003c/span\u003e\u003c/p\u003e\r\n\u003c/td\u003e\r\n\u003ctd\u003e\r\n\u003cp\u003e\u003cspan style=\"font-weight: 400;\"\u003eYeast\u003c/span\u003e\u003c/p\u003e\r\n\u003c/td\u003e\r\n\u003ctd\u003e\r\n\u003cp\u003e\u003cspan style=\"font-weight: 400;\"\u003eSkin-Restoring\u003c/span\u003e\u003c/p\u003e\r\n\u003c/td\u003e\r\n\u003c/tr\u003e\r\n\u003ctr\u003e\r\n\u003ctd\u003e\r\n\u003cp\u003e\u003cspan style=\"font-weight: 400;\"\u003eSodium Gluconate\u003c/span\u003e\u003c/p\u003e\r\n\u003c/td\u003e\r\n\u003ctd\u003e\r\n\u003cp\u003e\u003cspan style=\"font-weight: 400;\"\u003eNatural\u003c/span\u003e\u003c/p\u003e\r\n\u003c/td\u003e\r\n\u003ctd\u003e\r\n\u003cp\u003e\u003cspan style=\"font-weight: 400;\"\u003ePlant-Based\u003c/span\u003e\u003c/p\u003e\r\n\u003c/td\u003e\r\n\u003ctd\u003e\r\n\u003cp\u003e\u003cspan style=\"font-weight: 400;\"\u003eHumectant\u003c/span\u003e\u003c/p\u003e\r\n\u003c/td\u003e\r\n\u003c/tr\u003e\r\n\u003ctr\u003e\r\n\u003ctd\u003e\r\n\u003cp\u003e\u003cspan style=\"font-weight: 400;\"\u003eButylated Hydroxytoluene\u003c/span\u003e\u003c/p\u003e\r\n\u003c/td\u003e\r\n\u003ctd\u003e\r\n\u003cp\u003e\u003cspan style=\"font-weight: 400;\"\u003eSynthetic\u003c/span\u003e\u003c/p\u003e\r\n\u003c/td\u003e\r\n\u003ctd\u003e\r\n\u003cp\u003e\u003cspan style=\"font-weight: 400;\"\u003eLab\u003c/span\u003e\u003c/p\u003e\r\n\u003cp\u003e\u003cspan style=\"font-weight: 400;\"\u003eSynthesized\u003c/span\u003e\u003c/p\u003e\r\n\u003c/td\u003e\r\n\u003ctd\u003e\r\n\u003cp\u003e\u003cspan style=\"font-weight: 400;\"\u003eStabiliser\u003c/span\u003e\u003c/p\u003e\r\n\u003c/td\u003e\r\n\u003c/tr\u003e\r\n\u003ctr\u003e\r\n\u003ctd\u003e\r\n\u003cp\u003e\u003cspan style=\"font-weight: 400;\"\u003eCarrot Seed Oil\u003c/span\u003e\u003c/p\u003e\r\n\u003c/td\u003e\r\n\u003ctd\u003e\r\n\u003cp\u003e\u003cspan style=\"font-weight: 400;\"\u003eNatural\u003c/span\u003e\u003c/p\u003e\r\n\u003c/td\u003e\r\n\u003ctd\u003e\r\n\u003cp\u003e\u003cspan style=\"font-weight: 400;\"\u003eCarrot\u003c/span\u003e\u003c/p\u003e\r\n\u003c/td\u003e\r\n\u003ctd\u003e\r\n\u003cp\u003e\u003cspan style=\"font-weight: 400;\"\u003eSkin-Replenishing\u003c/span\u003e\u003c/p\u003e\r\n\u003c/td\u003e\r\n\u003c/tr\u003e\r\n\u003ctr\u003e\r\n\u003ctd\u003e\r\n\u003cp\u003e\u003cspan style=\"font-weight: 400;\"\u003eOrange Oil\u003c/span\u003e\u003c/p\u003e\r\n\u003c/td\u003e\r\n\u003ctd\u003e\r\n\u003cp\u003e\u003cspan style=\"font-weight: 400;\"\u003eNatural\u003c/span\u003e\u003c/p\u003e\r\n\u003c/td\u003e\r\n\u003ctd\u003e\r\n\u003cp\u003e\u003cspan style=\"font-weight: 400;\"\u003ePlant-Based\u003c/span\u003e\u003c/p\u003e\r\n\u003c/td\u003e\r\n\u003ctd\u003e\r\n\u003cp\u003e\u003cspan style=\"font-weight: 400;\"\u003eProtects Skin from Damage\u003c/span\u003e\u003c/p\u003e\r\n\u003c/td\u003e\r\n\u003c/tr\u003e\r\n\u003ctr\u003e\r\n\u003ctd\u003e\r\n\u003cp\u003e\u003cspan style=\"font-weight: 400;\"\u003eYlang Ylang Oil\u003c/span\u003e\u003c/p\u003e\r\n\u003c/td\u003e\r\n\u003ctd\u003e\r\n\u003cp\u003e\u003cspan style=\"font-weight: 400;\"\u003eNatural\u003c/span\u003e\u003c/p\u003e\r\n\u003c/td\u003e\r\n\u003ctd\u003e\r\n\u003cp\u003e\u003cspan style=\"font-weight: 400;\"\u003ePlant-Based\u003c/span\u003e\u003c/p\u003e\r\n\u003c/td\u003e\r\n\u003ctd\u003e\r\n\u003cp\u003e\u003cspan style=\"font-weight: 400;\"\u003eNourishes Skin\u003c/span\u003e\u003c/p\u003e\r\n\u003c/td\u003e\r\n\u003c/tr\u003e\r\n\u003ctr\u003e\r\n\u003ctd\u003e\r\n\u003cp\u003e\u003cspan style=\"font-weight: 400;\"\u003ePatchouli Oil\u003c/span\u003e\u003c/p\u003e\r\n\u003c/td\u003e\r\n\u003ctd\u003e\r\n\u003cp\u003e\u003cspan style=\"font-weight: 400;\"\u003eNatural\u003c/span\u003e\u003c/p\u003e\r\n\u003c/td\u003e\r\n\u003ctd\u003e\r\n\u003cp\u003e\u003cspan style=\"font-weight: 400;\"\u003ePlant-Based\u003c/span\u003e\u003c/p\u003e\r\n\u003c/td\u003e\r\n\u003ctd\u003e\r\n\u003cp\u003e\u003cspan style=\"font-weight: 400;\"\u003eAntioxidant\u003c/span\u003e\u003c/p\u003e\r\n\u003c/td\u003e\r\n\u003c/tr\u003e\r\n\u003c/tbody\u003e\r\n\u003c/table\u003e"},{"attribute_code":"attribute_value_7","value":"\u003cdiv id=\"faqs\"\u003e\r\n\u003cp\u003eWill it Make My Skin Dry?\u003c/p\u003e\r\n\u003cp\u003eUse a moisturizer for your skin after cleansing with a face wash.\u003c/p\u003e\r\n\u003cp\u003eHow Often Should I Use It?\u003c/p\u003e\r\n\u003cp\u003eUse it regularly, twice a week, for best results.\u003c/p\u003e\r\n\u003cp\u003eWill the Beads Damage My Sensitive Skin?\u003c/p\u003e\r\n\u003cp\u003eNo, this face wash is made with natural ingredients, and Walnut provides gentle exfoliation.\u003c/p\u003e\r\n\u003cp\u003eWhat Are the Benefits of Ubtan Natural Glow Face Wash?\u003c/p\u003e\r\n\u003cp\u003eMamaearth Ubtan Natural Glow Face Wash removes tan from the upper layer of the skin, Antioxidants in Turmeric and Saffron protect the skin cells from free radical damage and lightens the skin tone.\u003c/p\u003e\r\n\u003cp\u003eWill it Make My Skin Clear?\u003c/p\u003e\r\n\u003cp\u003eYes. With its antioxidant and anti-inflammatory properties, Turmeric is an age-old acne preventative and hence will help clear your skin effectively.\u003c/p\u003e\r\n\u003cp\u003eIs it Free Sulfates \u0026amp; Toxins?\u003c/p\u003e\r\n\u003cp\u003eMamaearth Ubtan Natural Glow Face Wash does not contain harmful chemicals like SLES, Sulfates, Phthalates, and Artificial Fragrances.\u003c/p\u003e\r\n\u003cp\u003eCan Teenagers Use It?\u003c/p\u003e\r\n\u003cp\u003eAbsolutely, it can be used by anyone above the age of 15 years as it is made with the best natural and toxin-free ingredients, which are ideal for young skin.\u003c/p\u003e\r\n\u003c/div\u003e"},{"attribute_code":"tag_keywords","value":"Ubtan,Face Wash,Turmeric ,Exfoliation,Saffron,Walnut,Skin,Tan Removal,Skin Care,Sun Damage,Skin Hydration,Anti-inflammatory,Safe,Antibacterial,Antioxidant,Natural "},{"attribute_code":"special_from_date","value":"2023-10-19 17:43:00"}],"hide_in_front":0,"image":"/1/_/1_125.jpg","is_in_stock":true,"name":"Ubtan Natural Glow Face Wash with Turmeric \u0026 Saffron for Tan Removal – 150 ml","position":"1","price":"399.00","product_card_tags":"Removes Tan | Brightens Skin","review_count":464,"siblings":[{"id":56,"sku":"8906087770671","name":"Ubtan Natural Glow Face Wash with Turmeric \u0026 Saffron for Tan Removal – 100 ml","url_key":"ubtan-face-wash","price":"269.00","is_in_stock":false,"custom_attributes":[{"attribute_code":"saving_scheme","value":"price_per_100_ml"},{"attribute_code":"volume","value":"100"}],"special_price":"","parent_id":752,"attribute_id":230,"option_id":119,"parent_sku":"10003","attribute_label":"ubtan_facewash_variants","title":"100 ml","swatch_data":{"swatch_id":90,"option_id":119,"store_id":1,"type":0,"value":"100 ml"},"special_from_date":{"date":"2024-05-10 13:09:00","timezone_type":3,"timezone":"Asia/Kolkata"}},{"id":144,"sku":"8906087771593","name":" Ubtan Facewash for tan removal, Pack Of 2 - 100ml*2","url_key":"ubtan-facewash-for-tan-removal-pack-of-2","price":"518.00","is_in_stock":false,"custom_attributes":[{"attribute_code":"saving_scheme","value":"price_per_100_ml"},{"attribute_code":"volume","value":"200"}],"special_price":"420.00","parent_id":752,"attribute_id":230,"option_id":121,"parent_sku":"10003","attribute_label":"ubtan_facewash_variants","title":"100 ml (Pack of 2)","swatch_data":{"swatch_id":94,"option_id":121,"store_id":1,"type":0,"value":"100 ml (Pack of 2)"},"special_from_date":{"date":"2025-05-24 00:01:00","timezone_type":3,"timezone":"Asia/Kolkata"}},{"id":607,"sku":"8904417302226","name":"Ubtan Face Wash 150 ml (Pack of 2)","url_key":"ubtan-face-wash-150-ml-pack-of-2","price":"798.00","is_in_stock":true,"custom_attributes":[{"attribute_code":"saving_scheme","value":"price_per_100_ml"},{"attribute_code":"volume","value":"300"}],"special_price":"638.00","parent_id":752,"attribute_id":230,"option_id":298,"parent_sku":"10003","attribute_label":"ubtan_facewash_variants","title":"150 ml (Pack of 2)","swatch_data":{"swatch_id":413,"option_id":298,"store_id":1,"type":0,"value":"150 ml (Pack of 2)"},"special_from_date":{"date":"2025-05-24 00:01:00","timezone_type":3,"timezone":"Asia/Kolkata"}}],"sku":"8904417300512","special_price":"","special_price_from_date":{"date":"2023-10-19 23:13:00","timezone_type":3,"timezone":"Asia/Kolkata"},"tags":"No. 1 Face Wash","url_key":"ubtan-face-wash-with-turmeric-saffron-for-tan-removal-150-ml","imageAltTags":[],"product_subtitle_keys":["Buy 1 Get 1 FREE"," Face Cleanser"," Ubtan"],"size":"150ml","unitPrice":"2.66/ml","old_productid":"728","generic_name":null},{"id":779,"tier_prices":[],"avg_rating_percent":99,"categories":[2,218,18,154,31,267,333,337,344,357,361,392,381,419,52,372],"created_at":"2023-01-19 11:27:55","custom_attributes":[{"attribute_code":"manufacturer","value":"Alaina Healthcare Pvt. Ltd., Kharsa, No. 127-132, 707/133 \u0026 685/608/32, Village Jharmajri, Baddi, Distt.- Solan, (H.P), - 174103"},{"attribute_code":"meta_title","value":"Vitamin C Sunscreen with Spf 50 for Sun Protection|B1G1 Free"},{"attribute_code":"meta_description","value":"Vitamin c sunscreen with vit c and turmeric. Mamaearth vitamin c daily glow sunscreen powered by spf 50 and pa+++ protection helps in the brightens skin."},{"attribute_code":"image","value":"/v/i/vit_c_glow_sunscreen1_white_bg_1.jpg"},{"attribute_code":"small_image","value":"/v/i/vit_c_glow_sunscreen1_white_bg_1.jpg"},{"attribute_code":"thumbnail","value":"/v/i/vit_c_glow_sunscreen1_white_bg_1.jpg"},{"attribute_code":"options_container","value":"container2"},{"attribute_code":"small_image_label","value":"Vitamin C Daily Glow Sunscreen"},{"attribute_code":"thumbnail_label","value":"Vitamin C Daily Glow Sunscreen"},{"attribute_code":"country_of_manufacture","value":"IN"},{"attribute_code":"url_key","value":"vitamin-c-daily-glow-sunscreen-with-vitamin-c-turmeric-for-sun-protection-glow-50-g"},{"attribute_code":"msrp_display_actual_price_type","value":"0"},{"attribute_code":"gift_message_available","value":"2"},{"attribute_code":"swatch_image","value":"/v/i/vit_c_glow_sunscreen1_white_bg_1.jpg"},{"attribute_code":"attribute_label_1","value":"About Vitamin C Daily Glow Sunscreen"},{"attribute_code":"attribute_label_2","value":"Hero Ingredients"},{"attribute_code":"attribute_label_3","value":"How to Use"},{"attribute_code":"attribute_label_4","value":"Who can Use"},{"attribute_code":"attribute_label_5","value":"Why Mamaearth"},{"attribute_code":"attribute_label_6","value":"Ingredient List"},{"attribute_code":"attribute_label_7","value":"FAQ's"},{"attribute_code":"best_before","value":"24 Months"},{"attribute_code":"dimensions","value":"10*5*5"},{"attribute_code":"mrp","value":"349"},{"attribute_code":"old_productid","value":"867"},{"attribute_code":"tags","value":"Most Loved Sunscreen"},{"attribute_code":"marketed_by","value":"Honasa Consumer Limited, 10th and 11th Floor, Capital Cyberscape, Sector 59, Gurugram, Haryana, 122101"},{"attribute_code":"live_url","value":"https://mamaearth.in/product/vitamin-c-daily-glow-sunscreen-with-vitamin-c-turmeric-for-sun-protection-glow-50-g"},{"attribute_code":"license_no","value":"HIM/COS/16/227"},{"attribute_code":"length","value":"10"},{"attribute_code":"google_category","value":"2915"},{"attribute_code":"cms_sequence","value":"1,2,3,4,5,6,7,8"},{"attribute_code":"width","value":"5"},{"attribute_code":"height","value":"5"},{"attribute_code":"breadcrumb_category","value":"154","title":"Sunscreen for Oily Skin","url_key":"sunscreen-cream"},{"attribute_code":"custom_product_type","value":"be_skin"},{"attribute_code":"brand","value":"4"},{"attribute_code":"product_card_tags","value":"SPF 50 \u0026 PA++++ Protection | Adds Natural Glow"},{"attribute_code":"saving_scheme","value":"price_per_100_gm"},{"attribute_code":"product_subtitle_keys","value":"Buy 1 Get 1 FREE, Tan Protection, Sun Care, Vitamin C"},{"attribute_code":"is_suitable_for_skin_type","value":"465","label":"normal"},{"attribute_code":"skin_goals","value":"469,473","label":"bright skin, tan removal"},{"attribute_code":"tax_class_id","value":"2"},{"attribute_code":"create_scarcity","value":"0"},{"attribute_code":"hide_product_infront","value":"0"},{"attribute_code":"show_in_feed","value":"1"},{"attribute_code":"base_category","value":"86"},{"attribute_code":"base_sub_category","value":"82"},{"attribute_code":"key_ingredient","value":"501"},{"attribute_code":"show_price_per_unit","value":"1"},{"attribute_code":"volume","value":"50"},{"attribute_code":"enable_fbt_popup","value":"1"},{"attribute_code":"vitamin_c_suncreen_50g","value":"299"},{"attribute_code":"strikethrough","value":"1"},{"attribute_code":"short_description","value":"\u003cp style=\"text-align: justify;\"\u003eProtect your skin from sun damage \u0026amp; get your daily glow up with Mamaearth Vitamin C Daily Glow Sunscreen. With SPF 50 \u0026amp; \u003cstrong\u003ePA++++\u003c/strong\u003e, this sunscreen gives your skin adequate sun protection without any white cast. Crafted with Vitamin C, the sunscreen brightens skin \u0026amp; shields it from UVA \u0026amp; UVB rays. Infused with the goodness of Turmeric, it heals damaged skin caused by sun exposure \u0026amp; revives your skin's natural glow. That's not all! It comes with a lightweight and non-sticky texture that gets absorbed instantly without any greasy residue.\u003cbr /\u003eMamaearth Vitamin C Daily Glow Sunscreen is also Made Safe certified, which means it contains no toxins or harmful chemicals.\u003c/p\u003e"},{"attribute_code":"meta_keyword","value":"Daily Glow Sunscreen,Sunscreen,Vitamin C ,Antioxidants,Turmeric,Non-Sticky,Lightweight,Glowing Skin,Bright Skin,Sun Protection,SPF 50,PA+++ Protection"},{"attribute_code":"attribute_value_1","value":"\u003cdiv class=\"list-banner\"\u003e\u003cimg src=\"https://images.mamaearth.in/wysiwyg/80gm_ss_new_aplus.jpg?format=auto\" alt=\"vitamin c sunscreen\" width=\"679\" height=\"2226\" /\u003e\r\n\u003cp style=\"text-align: center;\"\u003eVitamin C Daily Glow Sunscreen\u003c/p\u003e\r\n\u003c/div\u003e"},{"attribute_code":"attribute_value_2","value":"\u003cul class=\"woodmart-list\"\u003e\r\n\u003cli\u003e\r\n\u003cdiv class=\"list-icon\"\u003e\u003cimg src=\"https://images.mamaearth.in/wysiwyg/27-4-22/Vitamin%20C.jpg\" alt=\"best cream for pimples and dark spots\" /\u003e\u003c/div\u003e\r\n\u003cspan class=\"list-content\" style=\"text-align: justify;\"\u003e\u003cstrong\u003e Vitamin C :\u003c/strong\u003eLoaded with antioxidants, it brightens skin \u0026 protects it from UV rays.\r\n\u003c/span\u003e\u003c/li\u003e\r\n\u003cli\u003e\r\n\u003cdiv class=\"list-icon\"\u003e\u003cimg src=\"https://images.mamaearth.in/wysiwyg/27-4-22/Turmeric.jpg\" alt=\"cream for spots on face\" /\u003e\u003c/div\u003e\r\n\u003cspan class=\"list-content\" style=\"text-align: justify;\"\u003e\u003cstrong\u003eTurmeric :\u003c/strong\u003ePacked with anti-inflammatory benefits, it heals sunburn \u0026 adds glow.\u003c/span\u003e\u003c/li\u003e\r\n\u003c/ul\u003e"},{"attribute_code":"attribute_value_3","value":"\u003cul\u003e\r\n\u003cli\u003e\u003cspan class=\"list-content\"\u003e\u003cstrong\u003eStep 1 : \u003c/strong\u003eTake an adequate amount.\u003c/span\u003e\u003c/li\u003e\r\n\u003cli\u003e\u003cspan class=\"list-content\"\u003e\u003cstrong\u003eStep 2 : \u003c/strong\u003eApply on sun-exposed areas.\u003c/span\u003e\u003c/li\u003e\r\n\u003cli\u003e\u003cspan class=\"list-content\"\u003e\u003cstrong\u003eStep 3 : \u003c/strong\u003eMassage it until it’s absorbed.\u003c/span\u003e\u003c/li\u003e\r\n\u003cli\u003e\u003cspan class=\"list-content\"\u003e\u003cstrong\u003eStep 4 : \u003c/strong\u003eReapply every 6 hours for complete protection.\r\n\u003c/span\u003e\u003c/li\u003e\r\n\r\n\u003c/ul\u003e"},{"attribute_code":"attribute_value_4","value":"\u003cul style=\"list-style: disc; padding-left: 1em;\"\u003e\r\n\u003cli\u003e\u003cspan class=\"list-content\"\u003eMen and women of age 18 years and above \u003c/span\u003e\u003c/li\u003e\r\n\u003cli\u003e\u003cspan class=\"list-content\"\u003eSuitable for all skin types\u003c/span\u003e\u003c/li\u003e\r\n\u003c/ul\u003e"},{"attribute_code":"attribute_value_5","value":"\u003cul class=\"compare-list\"\u003e\r\n\u003cli\u003e\r\n\u003cdiv class=\"compare-content\"\u003e\r\n\u003cul\u003e\r\n\u003cli\u003eSPF 50 \u0026amp; \u003cstrong\u003ePA++++\u003c/strong\u003e Protection\u003c/li\u003e\r\n\u003cli\u003eBrightens Skin\u003c/li\u003e\r\n\u003cli\u003eRevives Natural Glow\u003c/li\u003e\r\n\u003cli\u003eLightweight \u0026amp; Non-Sticky\u003c/li\u003e\r\n\u003cli\u003eMade Safe Certified\u003c/li\u003e\r\n\u003cli\u003eSuitable For All Skin Types\u003c/li\u003e\r\n\u003cli\u003eDermatologically Tested\u003c/li\u003e\r\n\u003cli\u003eCruelty-Free\u003c/li\u003e\r\n\u003cli\u003eToxin-Free \u0026amp; No Harmful Chemicals\u003c/li\u003e\r\n\u003c/ul\u003e\r\n\u003c/div\u003e\r\n\u003c/li\u003e\r\n\u003cli\u003e\r\n\u003cdiv class=\"compare-content\"\u003e\r\n\u003cul\u003e\r\n\u003cli\u003eNot Enough Sun Protection\u003c/li\u003e\r\n\u003cli\u003eDoes Not Brighten Skin\u003c/li\u003e\r\n\u003cli\u003eDoes Not Revive Natural Glow\u003c/li\u003e\r\n\u003cli\u003eSticky \u0026amp; Heavy\u003c/li\u003e\r\n\u003cli\u003eNot Made Safe Certified\u003c/li\u003e\r\n\u003cli\u003eNot Suitable for All Skin Types\u003c/li\u003e\r\n\u003cli\u003eNot Dermatologically Tested\u003c/li\u003e\r\n\u003cli\u003eNot Cruelty-free\u003c/li\u003e\r\n\u003cli\u003eContains Harmful Chemicals\u003c/li\u003e\r\n\u003c/ul\u003e\r\n\u003c/div\u003e\r\n\u003c/li\u003e\r\n\u003c/ul\u003e"},{"attribute_code":"attribute_value_6","value":"\u003ctable\u003e\r\n\u003ctbody\u003e\r\n\u003ctr\u003e\r\n\u003ctd\u003e\r\n\u003cp\u003e\u003cstrong\u003eIngredient\u003c/strong\u003e\u003c/p\u003e\r\n\u003c/td\u003e\r\n\u003ctd\u003e\r\n\u003cp\u003e\u003cstrong\u003eType\u003c/strong\u003e\u003c/p\u003e\r\n\u003c/td\u003e\r\n\u003ctd\u003e\r\n\u003cp\u003e\u003cstrong\u003eWhere Is It From\u003c/strong\u003e\u003c/p\u003e\r\n\u003c/td\u003e\r\n\u003ctd\u003e\r\n\u003cp\u003e\u003cstrong\u003eHow It Helps\u003c/strong\u003e\u003c/p\u003e\r\n\u003c/td\u003e\r\n\u003c/tr\u003e\r\n\u003ctr\u003e\r\n\u003ctd\u003e\r\n\u003cp\u003e\u003cspan style=\"font-weight: 400;\"\u003eAqua\u003c/span\u003e\u003c/p\u003e\r\n\u003c/td\u003e\r\n\u003ctd\u003e\r\n\u003cp\u003e\u003cspan style=\"font-weight: 400;\"\u003eNatural\u003c/span\u003e\u003c/p\u003e\r\n\u003c/td\u003e\r\n\u003ctd\u003e\r\n\u003cp\u003e\u003cspan style=\"font-weight: 400;\"\u003eWater\u003c/span\u003e\u003c/p\u003e\r\n\u003c/td\u003e\r\n\u003ctd\u003e\r\n\u003cp\u003e\u003cspan style=\"font-weight: 400;\"\u003eDiluent\u003c/span\u003e\u003c/p\u003e\r\n\u003c/td\u003e\r\n\u003c/tr\u003e\r\n\u003ctr\u003e\r\n\u003ctd\u003e\r\n\u003cp\u003e\u003cspan style=\"font-weight: 400;\"\u003eOctisalate\u003c/span\u003e\u003c/p\u003e\r\n\u003c/td\u003e\r\n\u003ctd\u003e\r\n\u003cp\u003e\u003cspan style=\"font-weight: 400;\"\u003eSynthetic\u003c/span\u003e\u003c/p\u003e\r\n\u003c/td\u003e\r\n\u003ctd\u003e\r\n\u003cp\u003e\u003cspan style=\"font-weight: 400;\"\u003eLab Synthesized\u003c/span\u003e\u003c/p\u003e\r\n\u003c/td\u003e\r\n\u003ctd\u003e\r\n\u003cp\u003e\u003cspan style=\"font-weight: 400;\"\u003eUV Absorber\u003c/span\u003e\u003c/p\u003e\r\n\u003c/td\u003e\r\n\u003c/tr\u003e\r\n\u003ctr\u003e\r\n\u003ctd\u003e\r\n\u003cp\u003e\u003cspan style=\"font-weight: 400;\"\u003eC12-15 Alkyl Benzoate\u003c/span\u003e\u003c/p\u003e\r\n\u003c/td\u003e\r\n\u003ctd\u003e\r\n\u003cp\u003e\u003cspan style=\"font-weight: 400;\"\u003eSynthetic\u003c/span\u003e\u003c/p\u003e\r\n\u003c/td\u003e\r\n\u003ctd\u003e\r\n\u003cp\u003e\u003cspan style=\"font-weight: 400;\"\u003eLab Synthesized\u003c/span\u003e\u003c/p\u003e\r\n\u003c/td\u003e\r\n\u003ctd\u003e\r\n\u003cp\u003e\u003cspan style=\"font-weight: 400;\"\u003eEmollient\u003c/span\u003e\u003c/p\u003e\r\n\u003c/td\u003e\r\n\u003c/tr\u003e\r\n\u003ctr\u003e\r\n\u003ctd\u003e\r\n\u003cp\u003e\u003cspan style=\"font-weight: 400;\"\u003eOctocrylene\u003c/span\u003e\u003c/p\u003e\r\n\u003c/td\u003e\r\n\u003ctd\u003e\r\n\u003cp\u003e\u003cspan style=\"font-weight: 400;\"\u003eSynthetic\u003c/span\u003e\u003c/p\u003e\r\n\u003c/td\u003e\r\n\u003ctd\u003e\r\n\u003cp\u003e\u003cspan style=\"font-weight: 400;\"\u003eLab Synthesized\u003c/span\u003e\u003c/p\u003e\r\n\u003c/td\u003e\r\n\u003ctd\u003e\r\n\u003cp\u003e\u003cspan style=\"font-weight: 400;\"\u003eUV Absorber\u003c/span\u003e\u003c/p\u003e\r\n\u003c/td\u003e\r\n\u003c/tr\u003e\r\n\u003ctr\u003e\r\n\u003ctd\u003e\r\n\u003cp\u003e\u003cspan style=\"font-weight: 400;\"\u003eSorbitan Stearate\u003c/span\u003e\u003c/p\u003e\r\n\u003c/td\u003e\r\n\u003ctd\u003e\r\n\u003cp\u003e\u003cspan style=\"font-weight: 400;\"\u003eSynthetic\u003c/span\u003e\u003c/p\u003e\r\n\u003c/td\u003e\r\n\u003ctd\u003e\r\n\u003cp\u003e\u003cspan style=\"font-weight: 400;\"\u003eLab Synthesized\u003c/span\u003e\u003c/p\u003e\r\n\u003c/td\u003e\r\n\u003ctd\u003e\r\n\u003cp\u003e\u003cspan style=\"font-weight: 400;\"\u003eEmulsifier\u003c/span\u003e\u003c/p\u003e\r\n\u003c/td\u003e\r\n\u003c/tr\u003e\r\n\u003ctr\u003e\r\n\u003ctd\u003e\r\n\u003cp\u003e\u003cspan style=\"font-weight: 400;\"\u003eSucrose Cocoate\u003c/span\u003e\u003c/p\u003e\r\n\u003c/td\u003e\r\n\u003ctd\u003e\r\n\u003cp\u003e\u003cspan style=\"font-weight: 400;\"\u003eNatural\u003c/span\u003e\u003c/p\u003e\r\n\u003c/td\u003e\r\n\u003ctd\u003e\r\n\u003cp\u003e\u003cspan style=\"font-weight: 400;\"\u003ePlant-Based\u003c/span\u003e\u003c/p\u003e\r\n\u003c/td\u003e\r\n\u003ctd\u003e\r\n\u003cp\u003e\u003cspan style=\"font-weight: 400;\"\u003eMoisturizer\u003c/span\u003e\u003c/p\u003e\r\n\u003c/td\u003e\r\n\u003c/tr\u003e\r\n\u003ctr\u003e\r\n\u003ctd\u003e\r\n\u003cp\u003e\u003cspan style=\"font-weight: 400;\"\u003eHomosalate\u003c/span\u003e\u003c/p\u003e\r\n\u003c/td\u003e\r\n\u003ctd\u003e\r\n\u003cp\u003e\u003cspan style=\"font-weight: 400;\"\u003eSynthetic\u003c/span\u003e\u003c/p\u003e\r\n\u003c/td\u003e\r\n\u003ctd\u003e\r\n\u003cp\u003e\u003cspan style=\"font-weight: 400;\"\u003eLab Synthesized\u003c/span\u003e\u003c/p\u003e\r\n\u003c/td\u003e\r\n\u003ctd\u003e\r\n\u003cp\u003e\u003cspan style=\"font-weight: 400;\"\u003eUV Absorber\u003c/span\u003e\u003c/p\u003e\r\n\u003c/td\u003e\r\n\u003c/tr\u003e\r\n\u003ctr\u003e\r\n\u003ctd\u003e\r\n\u003cp\u003e\u003cspan style=\"font-weight: 400;\"\u003eButyl Methoxydibenzoylmethane\u003c/span\u003e\u003c/p\u003e\r\n\u003c/td\u003e\r\n\u003ctd\u003e\r\n\u003cp\u003e\u003cspan style=\"font-weight: 400;\"\u003eSynthetic\u003c/span\u003e\u003c/p\u003e\r\n\u003c/td\u003e\r\n\u003ctd\u003e\r\n\u003cp\u003e\u003cspan style=\"font-weight: 400;\"\u003eLab Synthesized\u003c/span\u003e\u003c/p\u003e\r\n\u003c/td\u003e\r\n\u003ctd\u003e\r\n\u003cp\u003e\u003cspan style=\"font-weight: 400;\"\u003eUV Filter\u003c/span\u003e\u003c/p\u003e\r\n\u003c/td\u003e\r\n\u003c/tr\u003e\r\n\u003ctr\u003e\r\n\u003ctd\u003e\r\n\u003cp\u003e\u003cspan style=\"font-weight: 400;\"\u003eZinc\u003c/span\u003e\u003c/p\u003e\r\n\u003cp\u003e\u003cspan style=\"font-weight: 400;\"\u003eOxide\u003c/span\u003e\u003c/p\u003e\r\n\u003c/td\u003e\r\n\u003ctd\u003e\r\n\u003cp\u003e\u003cspan style=\"font-weight: 400;\"\u003eNatural\u003c/span\u003e\u003c/p\u003e\r\n\u003c/td\u003e\r\n\u003ctd\u003e\r\n\u003cp\u003e\u003cspan style=\"font-weight: 400;\"\u003ePlant-Based\u003c/span\u003e\u003c/p\u003e\r\n\u003c/td\u003e\r\n\u003ctd\u003e\r\n\u003cp\u003e\u003cspan style=\"font-weight: 400;\"\u003eAntioxidant \u0026amp; Skin-Soothing Agent\u003c/span\u003e\u003c/p\u003e\r\n\u003c/td\u003e\r\n\u003c/tr\u003e\r\n\u003ctr\u003e\r\n\u003ctd\u003e\r\n\u003cp\u003e\u003cspan style=\"font-weight: 400;\"\u003eCetearyl Ethylhexanoate\u003c/span\u003e\u003c/p\u003e\r\n\u003c/td\u003e\r\n\u003ctd\u003e\r\n\u003cp\u003e\u003cspan style=\"font-weight: 400;\"\u003eSynthetic\u003c/span\u003e\u003c/p\u003e\r\n\u003c/td\u003e\r\n\u003ctd\u003e\r\n\u003cp\u003e\u003cspan style=\"font-weight: 400;\"\u003eLab Synthesized\u003c/span\u003e\u003c/p\u003e\r\n\u003c/td\u003e\r\n\u003ctd\u003e\r\n\u003cp\u003e\u003cspan style=\"font-weight: 400;\"\u003eMoisturizer and Emollient\u003c/span\u003e\u003c/p\u003e\r\n\u003c/td\u003e\r\n\u003c/tr\u003e\r\n\u003ctr\u003e\r\n\u003ctd\u003e\r\n\u003cp\u003e\u003cspan style=\"font-weight: 400;\"\u003ePropylene Glycol\u003c/span\u003e\u003c/p\u003e\r\n\u003c/td\u003e\r\n\u003ctd\u003e\r\n\u003cp\u003e\u003cspan style=\"font-weight: 400;\"\u003eSynthetic\u003c/span\u003e\u003c/p\u003e\r\n\u003c/td\u003e\r\n\u003ctd\u003e\r\n\u003cp\u003e\u003cspan style=\"font-weight: 400;\"\u003eLab Synthesized\u003c/span\u003e\u003c/p\u003e\r\n\u003c/td\u003e\r\n\u003ctd\u003e\r\n\u003cp\u003e\u003cspan style=\"font-weight: 400;\"\u003eTexture Enhancer\u003c/span\u003e\u003c/p\u003e\r\n\u003c/td\u003e\r\n\u003c/tr\u003e\r\n\u003ctr\u003e\r\n\u003ctd\u003e\r\n\u003cp\u003e\u003cspan style=\"font-weight: 400;\"\u003eCetearyl Alcohol\u003c/span\u003e\u003c/p\u003e\r\n\u003c/td\u003e\r\n\u003ctd\u003e\r\n\u003cp\u003e\u003cspan style=\"font-weight: 400;\"\u003eNatural\u003c/span\u003e\u003c/p\u003e\r\n\u003c/td\u003e\r\n\u003ctd\u003e\r\n\u003cp\u003e\u003cspan style=\"font-weight: 400;\"\u003ePlant-Based\u003c/span\u003e\u003c/p\u003e\r\n\u003c/td\u003e\r\n\u003ctd\u003e\r\n\u003cp\u003e\u003cspan style=\"font-weight: 400;\"\u003eThickening Agent\u003c/span\u003e\u003c/p\u003e\r\n\u003c/td\u003e\r\n\u003c/tr\u003e\r\n\u003ctr\u003e\r\n\u003ctd\u003e\r\n\u003cp\u003e\u003cspan style=\"font-weight: 400;\"\u003eGlyceryl Stearate\u003c/span\u003e\u003c/p\u003e\r\n\u003c/td\u003e\r\n\u003ctd\u003e\r\n\u003cp\u003e\u003cspan style=\"font-weight: 400;\"\u003eNatural\u003c/span\u003e\u003c/p\u003e\r\n\u003c/td\u003e\r\n\u003ctd\u003e\r\n\u003cp\u003e\u003cspan style=\"font-weight: 400;\"\u003ePlant-based\u003c/span\u003e\u003c/p\u003e\r\n\u003c/td\u003e\r\n\u003ctd\u003e\r\n\u003cp\u003e\u003cspan style=\"font-weight: 400;\"\u003eEmulsifying and Stabilizing Agent\u003c/span\u003e\u003c/p\u003e\r\n\u003c/td\u003e\r\n\u003c/tr\u003e\r\n\u003ctr\u003e\r\n\u003ctd\u003e\r\n\u003cp\u003e\u003cspan style=\"font-weight: 400;\"\u003eGlycerin\u003c/span\u003e\u003c/p\u003e\r\n\u003c/td\u003e\r\n\u003ctd\u003e\r\n\u003cp\u003e\u003cspan style=\"font-weight: 400;\"\u003eNatural\u003c/span\u003e\u003c/p\u003e\r\n\u003c/td\u003e\r\n\u003ctd\u003e\r\n\u003cp\u003e\u003cspan style=\"font-weight: 400;\"\u003ePlant-Based\u003c/span\u003e\u003c/p\u003e\r\n\u003c/td\u003e\r\n\u003ctd\u003e\r\n\u003cp\u003e\u003cspan style=\"font-weight: 400;\"\u003eHumectant\u003c/span\u003e\u003c/p\u003e\r\n\u003c/td\u003e\r\n\u003c/tr\u003e\r\n\u003ctr\u003e\r\n\u003ctd\u003e\r\n\u003cp\u003e\u003cspan style=\"font-weight: 400;\"\u003eHydroxyethyl Acrylate/Sodium Acryloyldimethyl\u003c/span\u003e\u003c/p\u003e\r\n\u003cp\u003e\u003cspan style=\"font-weight: 400;\"\u003eTaurate Copolymer\u003c/span\u003e\u003c/p\u003e\r\n\u003c/td\u003e\r\n\u003ctd\u003e\r\n\u003cp\u003e\u003cspan style=\"font-weight: 400;\"\u003eSynthetic\u003c/span\u003e\u003c/p\u003e\r\n\u003c/td\u003e\r\n\u003ctd\u003e\r\n\u003cp\u003e\u003cspan style=\"font-weight: 400;\"\u003eLab Synthesized\u003c/span\u003e\u003c/p\u003e\r\n\u003c/td\u003e\r\n\u003ctd\u003e\r\n\u003cp\u003e\u003cspan style=\"font-weight: 400;\"\u003eTexture Enhancer\u003c/span\u003e\u003c/p\u003e\r\n\u003c/td\u003e\r\n\u003c/tr\u003e\r\n\u003ctr\u003e\r\n\u003ctd\u003e\r\n\u003cp\u003e\u003cspan style=\"font-weight: 400;\"\u003ePhenoxyethanol\u003c/span\u003e\u003c/p\u003e\r\n\u003c/td\u003e\r\n\u003ctd\u003e\r\n\u003cp\u003e\u003cspan style=\"font-weight: 400;\"\u003eNatural\u003c/span\u003e\u003c/p\u003e\r\n\u003c/td\u003e\r\n\u003ctd\u003e\r\n\u003cp\u003e\u003cspan style=\"font-weight: 400;\"\u003ePlant-Based\u003c/span\u003e\u003c/p\u003e\r\n\u003c/td\u003e\r\n\u003ctd\u003e\r\n\u003cp\u003e\u003cspan style=\"font-weight: 400;\"\u003eNatural Preservative\u003c/span\u003e\u003c/p\u003e\r\n\u003c/td\u003e\r\n\u003c/tr\u003e\r\n\u003ctr\u003e\r\n\u003ctd\u003e\r\n\u003cp\u003e\u003cspan style=\"font-weight: 400;\"\u003eEthylhexyl\u003c/span\u003e\u003c/p\u003e\r\n\u003cp\u003e\u003cspan style=\"font-weight: 400;\"\u003eTriazone \u003c/span\u003e\u003c/p\u003e\r\n\u003c/td\u003e\r\n\u003ctd\u003e\r\n\u003cp\u003e\u003cspan style=\"font-weight: 400;\"\u003eSynthetic\u003c/span\u003e\u003c/p\u003e\r\n\u003c/td\u003e\r\n\u003ctd\u003e\r\n\u003cp\u003e\u003cspan style=\"font-weight: 400;\"\u003eLab Synthesized\u003c/span\u003e\u003c/p\u003e\r\n\u003c/td\u003e\r\n\u003ctd\u003e\r\n\u003cp\u003e\u003cspan style=\"font-weight: 400;\"\u003eSun Protection\u003c/span\u003e\u003c/p\u003e\r\n\u003c/td\u003e\r\n\u003c/tr\u003e\r\n\u003ctr\u003e\r\n\u003ctd\u003e\r\n\u003cp\u003e\u003cspan style=\"font-weight: 400;\"\u003eTinosorb-M\u003c/span\u003e\u003c/p\u003e\r\n\u003c/td\u003e\r\n\u003ctd\u003e\r\n\u003cp\u003e\u003cspan style=\"font-weight: 400;\"\u003eSynthetic\u003c/span\u003e\u003c/p\u003e\r\n\u003c/td\u003e\r\n\u003ctd\u003e\r\n\u003cp\u003e\u003cspan style=\"font-weight: 400;\"\u003eLab-Synthesized\u003c/span\u003e\u003c/p\u003e\r\n\u003c/td\u003e\r\n\u003ctd\u003e\r\n\u003cp\u003e\u003cspan style=\"font-weight: 400;\"\u003eUV Filter\u003c/span\u003e\u003c/p\u003e\r\n\u003c/td\u003e\r\n\u003c/tr\u003e\r\n\u003ctr\u003e\r\n\u003ctd\u003e\r\n\u003cp\u003e\u003cspan style=\"font-weight: 400;\"\u003eTurmeric Root Extract\u003c/span\u003e\u003c/p\u003e\r\n\u003c/td\u003e\r\n\u003ctd\u003e\r\n\u003cp\u003e\u003cspan style=\"font-weight: 400;\"\u003eNatural\u003c/span\u003e\u003c/p\u003e\r\n\u003c/td\u003e\r\n\u003ctd\u003e\r\n\u003cp\u003e\u003cspan style=\"font-weight: 400;\"\u003ePlant-based\u003c/span\u003e\u003c/p\u003e\r\n\u003c/td\u003e\r\n\u003ctd\u003e\r\n\u003cp\u003e\u003cspan style=\"font-weight: 400;\"\u003eAntioxidant\u003c/span\u003e\u003c/p\u003e\r\n\u003c/td\u003e\r\n\u003c/tr\u003e\r\n\u003ctr\u003e\r\n\u003ctd\u003e\r\n\u003cp\u003e\u003cspan style=\"font-weight: 400;\"\u003eOrange Peel Extract (Vitamin C)\u003c/span\u003e\u003c/p\u003e\r\n\u003c/td\u003e\r\n\u003ctd\u003e\r\n\u003cp\u003e\u003cspan style=\"font-weight: 400;\"\u003eNatural\u003c/span\u003e\u003c/p\u003e\r\n\u003c/td\u003e\r\n\u003ctd\u003e\r\n\u003cp\u003e\u003cspan style=\"font-weight: 400;\"\u003ePlant-Based\u003c/span\u003e\u003c/p\u003e\r\n\u003c/td\u003e\r\n\u003ctd\u003e\r\n\u003cp\u003e\u003cspan style=\"font-weight: 400;\"\u003eRemoves Tan\u003c/span\u003e\u003c/p\u003e\r\n\u003c/td\u003e\r\n\u003c/tr\u003e\r\n\u003ctr\u003e\r\n\u003ctd\u003e\r\n\u003cp\u003e\u003cspan style=\"font-weight: 400;\"\u003e Lemon Fruit Extract\u003c/span\u003e\u003c/p\u003e\r\n\u003c/td\u003e\r\n\u003ctd\u003e\r\n\u003cp\u003e\u003cspan style=\"font-weight: 400;\"\u003eNatural\u003c/span\u003e\u003c/p\u003e\r\n\u003c/td\u003e\r\n\u003ctd\u003e\r\n\u003cp\u003e\u003cspan style=\"font-weight: 400;\"\u003ePlant-Based\u003c/span\u003e\u003c/p\u003e\r\n\u003c/td\u003e\r\n\u003ctd\u003e\r\n\u003cp\u003e\u003cspan style=\"font-weight: 400;\"\u003eBrightens Skin\u003c/span\u003e\u003c/p\u003e\r\n\u003c/td\u003e\r\n\u003c/tr\u003e\r\n\u003ctr\u003e\r\n\u003ctd\u003e\r\n\u003cp\u003e\u003cspan style=\"font-weight: 400;\"\u003eButylated HydroxyToluene\u003c/span\u003e\u003c/p\u003e\r\n\u003c/td\u003e\r\n\u003ctd\u003e\r\n\u003cp\u003e\u003cspan style=\"font-weight: 400;\"\u003eNatural\u003c/span\u003e\u003c/p\u003e\r\n\u003c/td\u003e\r\n\u003ctd\u003e\r\n\u003cp\u003e\u003cspan style=\"font-weight: 400;\"\u003ePlant-Based\u003c/span\u003e\u003c/p\u003e\r\n\u003c/td\u003e\r\n\u003ctd\u003e\r\n\u003cp\u003e\u003cspan style=\"font-weight: 400;\"\u003ePreservatives\u003c/span\u003e\u003c/p\u003e\r\n\u003c/td\u003e\r\n\u003c/tr\u003e\r\n\u003ctr\u003e\r\n\u003ctd\u003e\r\n\u003cp\u003e\u003cspan style=\"font-weight: 400;\"\u003eDisodium EDTA\u003c/span\u003e\u003c/p\u003e\r\n\u003c/td\u003e\r\n\u003ctd\u003e\r\n\u003cp\u003e\u003cspan style=\"font-weight: 400;\"\u003eSynthetic\u003c/span\u003e\u003c/p\u003e\r\n\u003c/td\u003e\r\n\u003ctd\u003e\r\n\u003cp\u003e\u003cspan style=\"font-weight: 400;\"\u003eLab Synthesized\u003c/span\u003e\u003c/p\u003e\r\n\u003c/td\u003e\r\n\u003ctd\u003e\r\n\u003cp\u003e\u003cspan style=\"font-weight: 400;\"\u003ePreservative\u003c/span\u003e\u003c/p\u003e\r\n\u003c/td\u003e\r\n\u003c/tr\u003e\r\n\u003ctr\u003e\r\n\u003ctd\u003e\r\n\u003cp\u003e\u003cspan style=\"font-weight: 400;\"\u003eCitric Acid\u003c/span\u003e\u003c/p\u003e\r\n\u003c/td\u003e\r\n\u003ctd\u003e\r\n\u003cp\u003e\u003cspan style=\"font-weight: 400;\"\u003eNatural\u003c/span\u003e\u003c/p\u003e\r\n\u003c/td\u003e\r\n\u003ctd\u003e\r\n\u003cp\u003e\u003cspan style=\"font-weight: 400;\"\u003ePlant-Based\u003c/span\u003e\u003c/p\u003e\r\n\u003c/td\u003e\r\n\u003ctd\u003e\r\n\u003cp\u003e\u003cspan style=\"font-weight: 400;\"\u003eExfoliant\u003c/span\u003e\u003c/p\u003e\r\n\u003c/td\u003e\r\n\u003c/tr\u003e\r\n\u003ctr\u003e\r\n\u003ctd\u003e\r\n\u003cp\u003e\u003cspan style=\"font-weight: 400;\"\u003eIFRA Certified Allergen Free\u003c/span\u003e\u003c/p\u003e\r\n\u003cp\u003e\u003cspan style=\"font-weight: 400;\"\u003eFragrance\u003c/span\u003e\u003c/p\u003e\r\n\u003c/td\u003e\r\n\u003ctd\u003e\r\n\u003cp\u003e\u003cspan style=\"font-weight: 400;\"\u003eSynthetic\u003c/span\u003e\u003c/p\u003e\r\n\u003c/td\u003e\r\n\u003ctd\u003e\r\n\u003cp\u003e\u003cspan style=\"font-weight: 400;\"\u003eLab Synthesized\u003c/span\u003e\u003c/p\u003e\r\n\u003c/td\u003e\r\n\u003ctd\u003e\r\n\u003cp\u003e\u003cspan style=\"font-weight: 400;\"\u003eFragrance\u003c/span\u003e\u003c/p\u003e\r\n\u003c/td\u003e\r\n\u003c/tr\u003e\r\n\u003c/tbody\u003e\r\n\u003c/table\u003e"},{"attribute_code":"attribute_value_7","value":"\u003cdiv id=\"faqs\"\u003e\r\n\u003cp\u003eHow Often Should I Apply This Sunscreen?\u003c/p\u003e\r\n\u003cp\u003eIt’s recommended that you apply the Vitamin C Daily Glow Sunscreen every 6 hours.\u003c/p\u003e\r\n\u003cp\u003eCan I Use This Sunscreen on My Body?\u003c/p\u003e\r\n\u003cp\u003eYes, you can use Vitamin C Daily Glow Sunscreen on your body.\u003c/p\u003e\r\n\u003cp\u003eWill It Make My Skin Oily?\u003c/p\u003e\r\n\u003cp\u003eNot at all. Its lightweight and non-sticky formula gets absorbed into the skin quickly, leaving no residue or greasiness.\u003c/p\u003e\r\n\u003cp\u003eWill This Work on Sensitive Skin?\u003c/p\u003e\r\n\u003cp\u003eYes, the Vitamin C Daily Glow Sunscreen is crafted with the goodness of natural ingredients such as Vitamin C \u0026amp; Turmeric, making it suitable for all skin types.\u003c/p\u003e\r\n\u003cp\u003eShould I apply it on wet or dry skin?\u003c/p\u003e\r\n\u003cp\u003eUse the Vitamin C Daily Glow Sunscreen on clean and dry skin.\u003c/p\u003e\r\n\u003cp\u003eHow to use Vitamin C Glow Sunscreen?\u003c/p\u003e\r\n\u003cp\u003eHere are the directions to use Mamaearth Vitamin C Daily Glow Sunscreen. First, take a generous amount of this sunscreen on your palm and then apply it on sun-exposed body parts like hands and neck. Now, gently massage it until this sun-protecting cream is completely absorbed. Reapply every 6 hours for assured and complete protection.\u003c/p\u003e\r\n\u003cp\u003eWhat is the price of Mamaearth Daily Glow Sunscreen?\u003c/p\u003e\r\n\u003cp\u003eMamaearth Daily Glow Sunscreen is priced at INR 349 for a 50 g pack.\u003c/p\u003e\r\n\u003cp\u003eWhy use sunscreen with Vitamin C?\u003c/p\u003e\r\n\u003cp\u003eMamaearth’s Vitamin C Daily Glow Sunscreen comes with naturally nourishing ingredients like Vitamin C and Turmeric to offer complete protection to your skin without causing any harm. This toxin-free sunscreen offers SPF 50 \u0026amp; PA++++ protection and brightens your skin naturally. Also, it is free from harmful toxins like Parabens, Sulphates, SLS, SLES, and artificial fragrances- and is Made Safe-certified.\u003c/p\u003e\r\n\u003cp\u003eWhat are the benefits of this natural glow sunscreen?\u003c/p\u003e\r\n\u003cp\u003eMamaearth Daily Glow Sunscreen has nourishing skin benefits that protect your skin from the harmful external aggressors of the environment. It provides SPF 50 \u0026amp; PA++++ protection and promotes a brighter and even skin tone. It revives your natural glow and comes with anti-aging benefits for your skin. The best part about this sunscreen is it is toxin-free, cruelty-free, and MadeSafe Certified.\u003c/p\u003e\r\n\u003cp\u003eWhat are the ingredients of this sunscreen with Vitamin C?\u003c/p\u003e\r\n\u003cp\u003eMamaearth Vitamin C Daily Glow Sunscreen has the key benefits of Vitamin C \u0026amp; Turmeric, and several other natural ingredients. You can check the remaining ingredients in the ingredient list on the product packaging.\u003c/p\u003e\r\n\u003cp\u003eWhat is good for face skin glow?\u003c/p\u003e\r\n\u003cp\u003eYour face needs regular cleansing with the best and most natural skincare products, along with a change in your hectic lifestyle. For ages, Turmeric and Vitamin C have been considered very beneficial in our skincare routines. Vitamin C helps fight sun damage, and Turmeric helps deeply exfoliate your skin from within and removes all the impurities caused by environmental pollutants. Therefore, experts recommend incorporating a good face cream with the goodness of Vitamin C and Turmeric for glowing and radiant skin. One such example is Mamaearth Vitamin C Daily Glow Face Cream. It comes with the goodness of Vitamin C and Turmeric that help give your skin the daily dose of nourishment and care it deserves.\u003c/p\u003e\r\n\u003cp\u003eHow can I naturally glow up?\u003c/p\u003e\r\n\u003cp\u003eA positive change in one's mental, physical, and emotional state is known as a \"glow-up.\" Both planned, and natural glow-ups are possible in addition to being quick and transient or slow and persistent. Your body will benefit from all that nutrition if you consume a healthy, nutrient-rich diet. It helps eliminate puffy eyes and dark circles under your eyes if you sleep well every night and stay hydrated. Wearing sunglasses and SPF to protect yourself from the sun are just two of the many things you can do to shield yourself from harm in the future. Skincare products with potent ingredients like vitamin C can also be used to fix damage that has already occurred.\u003c/p\u003e\r\n\u003cp\u003eWhich vitamin is for skin brightening?\u003c/p\u003e\r\n\u003cp\u003eVitamin C is the most recommended vitamin for skin brightening. Experts believe that Vitamin C helps in the brightening process by preparing the skin cells and increasing their susceptibility to the effects of glutathione. Furthermore, studies indicate that vitamin C alone may have some brightening effects.\u003c/p\u003e\r\n\u003cp\u003eWhat are the five benefits of Vitamin C?\u003c/p\u003e\r\n\u003cp\u003eVitamin C has various essential benefits to serve our skin. It is one of the safest ingredients that helps deeply hydrate our skin. It also helps brighten our skin from within and reduces redness, hyperpigmentation, and the appearance of under-eye dark circles. It promotes collagen production and prevents premature aging. A perfect addition to your everyday skincare products for glowing and radiant skin.\u003c/p\u003e\r\n\u003cp\u003eCan I wear Vitamin C in the sun?\u003c/p\u003e\r\n\u003cp\u003eUnlike other active ingredients like retinol and hydroxy acids, Vitamin C does not accelerate skin burning or isn’t prone to sun damage. As an antioxidant, this vitamin helps shield the skin from the sun’s harmful UV rays.\u003c/p\u003e\r\n\u003c/div\u003e"},{"attribute_code":"tag_keywords","value":"Daily Glow Sunscreen,Sunscreen,Vitamin C ,Antioxidants,Turmeric,Non-Sticky,Lightweight,Glowing Skin,Bright Skin,Sun Protection,SPF 50,PA++++ Protection"}],"hide_in_front":0,"image":"/v/i/vit_c_glow_sunscreen1_white_bg_1.jpg","is_in_stock":true,"name":"Vitamin C Daily Glow Sunscreen with Vitamin C \u0026 Turmeric for Sun Protection \u0026 Glow - 50 g","position":"1","price":"349.00","product_card_tags":"SPF 50 \u0026 PA++++ Protection | Adds Natural Glow","review_count":232,"sku":"8904417305258","special_price":"","tags":"Most Loved Sunscreen","url_key":"vitamin-c-daily-glow-sunscreen-with-vitamin-c-turmeric-for-sun-protection-glow-50-g","imageAltTags":[],"configurable_option":{"attribute_id":283,"option_id":299,"attribute_label":"Vitamin_C_Suncreen_50g","title":"50 gm","swatch_data":{"swatch_id":415,"option_id":299,"store_id":1,"type":0,"value":"50 gm"}},"siblings":[{"id":1147,"sku":"8904417311501","name":"Vitamin C Daily Glow Sunscreen With Vitamin C \u0026 Turmeric for Sun Protection \u0026 Glow - 80 g","url_key":"vitamin-c-daily-glow-sunscreen-with-vitamin-c-turmeric-for-sun-protection-glow-80-g","price":"499.00","is_in_stock":true,"custom_attributes":[{"attribute_code":"saving_scheme","value":"price_per_100_gm"},{"attribute_code":"volume","value":"80"}],"special_price":"","parent_id":1170,"attribute_id":283,"option_id":486,"parent_sku":"395050924","attribute_label":"Vitamin_C_Suncreen_50g","title":"80 gm","swatch_data":{"swatch_id":718,"option_id":486,"store_id":1,"type":0,"value":"80 gm"}},{"id":970,"sku":"8904417308853","name":"Vitamin C Daily Glow Sunscreen With Vitamin C \u0026 Turmeric for Sun Protection \u0026 Glow - 50 g - Pack of 2","url_key":"vitamin-c-daily-glow-sunscreen-with-vitamin-c-turmeric-for-sun-protection-glow-50-g-pack-of-2","price":"698.00","is_in_stock":true,"custom_attributes":[{"attribute_code":"saving_scheme","value":"price_per_100_gm"},{"attribute_code":"volume","value":"100"}],"special_price":"453.00","parent_id":1170,"attribute_id":283,"option_id":487,"parent_sku":"395050924","attribute_label":"Vitamin_C_Suncreen_50g","title":"50 gm (Pack of 2)","swatch_data":{"swatch_id":720,"option_id":487,"store_id":1,"type":0,"value":"50 gm (Pack of 2)"},"special_from_date":{"date":"2025-05-24 00:01:00","timezone_type":3,"timezone":"Asia/Kolkata"}},{"id":1206,"sku":"8904417313871","name":"Vitamin C Daily Glow Sunscreen With Vitamin C \u0026 Turmeric for Sun Protection \u0026 Glow - 80 g (Pack of 2)","url_key":"vitamin-c-daily-glow-sunscreen-with-vitamin-c-turmeric-for-sun-protection-glow-80-g-pack-of-2","price":"998.00","is_in_stock":true,"custom_attributes":[{"attribute_code":"saving_scheme","value":"price_per_100_gm"},{"attribute_code":"volume","value":"160"}],"special_price":"648.00","parent_id":1170,"attribute_id":283,"option_id":488,"parent_sku":"395050924","attribute_label":"Vitamin_C_Suncreen_50g","title":"80 gm (Pack of 2)","swatch_data":{"swatch_id":722,"option_id":488,"store_id":1,"type":0,"value":"80 gm (Pack of 2)"},"special_from_date":{"date":"2025-05-24 00:01:00","timezone_type":3,"timezone":"Asia/Kolkata"}}],"product_subtitle_keys":["Buy 1 Get 1 FREE"," Tan Protection"," Sun Care"," Vitamin C"],"size":"50g","unitPrice":"6.98/g","old_productid":"867","generic_name":null},{"id":1143,"tier_prices":[],"avg_rating_percent":100,"categories":[2,5,51,129,131,133,134,135,18,31,333,335,337,351,358,128,365,366,381,391,431,52,372],"created_at":"2024-01-17 06:38:46","custom_attributes":[{"attribute_code":"manufacturer","value":"(A) : Indo Herbal Products, Unit - 2, Plot No. 28-29, Sector 1B, IIE, Sidcul, Ranipur, Haridwar, India - 249403 M. : 20/C/U.A/2010 (B) : Indo Herbal Products, Plot No 17, Sector 12, IIE, SIDCUL, Haridwar, Uttarakhand, India - 249403 M. : 2/C/UA/2023"},{"attribute_code":"meta_title","value":"Beetroot Face Wash with Glycerin for Hydration-100ml"},{"attribute_code":"meta_description","value":"Mamaearth beetroot face wash will give you that natural pink glow. Made with the much loved goodness of glycerin that naturally moisturizes your skin."},{"attribute_code":"image","value":"/1/-/1-with-ingredients_3.jpg"},{"attribute_code":"small_image","value":"/1/-/1-with-ingredients_3.jpg"},{"attribute_code":"thumbnail","value":"/1/-/1-with-ingredients_3.jpg"},{"attribute_code":"options_container","value":"container2"},{"attribute_code":"country_of_manufacture","value":"IN"},{"attribute_code":"url_key","value":"beetroot-gentle-face-wash"},{"attribute_code":"msrp_display_actual_price_type","value":"0"},{"attribute_code":"gift_message_available","value":"2"},{"attribute_code":"swatch_image","value":"/1/-/1-with-ingredients_3.jpg"},{"attribute_code":"attribute_label_1","value":"Results of Mamaearth Beetroot Gentle Face Wash"},{"attribute_code":"attribute_label_2","value":"Hero Ingredients"},{"attribute_code":"attribute_label_3","value":"How to Use"},{"attribute_code":"attribute_label_4","value":"Who Can Use "},{"attribute_code":"attribute_label_5","value":"Why Mamaearth?"},{"attribute_code":"attribute_label_6","value":"Ingredient List"},{"attribute_code":"attribute_label_7","value":"FAQs"},{"attribute_code":"best_before","value":"24 Months"},{"attribute_code":"dimensions","value":"10*5*5"},{"attribute_code":"ean_code","value":"8904417311549"},{"attribute_code":"mrp","value":"259"},{"attribute_code":"old_productid","value":"1141"},{"attribute_code":"tags","value":"Selling Fast"},{"attribute_code":"marketed_by","value":"Honasa Consumer Limited, 10th and 11th Floor, Capital Cyberscape, Sector 59, Gurugram, Haryana, 122101"},{"attribute_code":"live_url","value":"https://mamaearth.in/product/beetroot-gentle-face-wash"},{"attribute_code":"license_no","value":"M. : 20/C/U.A/2010, M. : 2/C/UA/2023"},{"attribute_code":"length","value":"10"},{"attribute_code":"google_category","value":"2915"},{"attribute_code":"cms_sequence","value":"1,2,3,4,5,6,7,8"},{"attribute_code":"width","value":"5"},{"attribute_code":"height","value":"5"},{"attribute_code":"breadcrumb_category","value":"51","title":"Best Face Wash for Men \u0026 Women ","url_key":"face-wash"},{"attribute_code":"custom_product_type","value":"be_face"},{"attribute_code":"brand","value":"4"},{"attribute_code":"product_card_tags","value":"Gives Natural Pink Glow | Hydrates Skin Intensely"},{"attribute_code":"saving_scheme","value":"price_per_100_ml"},{"attribute_code":"product_subtitle_keys","value":"Buy 1 Get 1 FREE, Face Wash, Beetroot"},{"attribute_code":"is_suitable_for_skin_type","value":"463","label":"sensitive"},{"attribute_code":"skin_goals","value":"467,469,471","label":"moisturization, bright skin, cleansing"},{"attribute_code":"tax_class_id","value":"2"},{"attribute_code":"create_scarcity","value":"0"},{"attribute_code":"hide_product_infront","value":"0"},{"attribute_code":"show_in_feed","value":"1"},{"attribute_code":"base_category","value":"86"},{"attribute_code":"base_sub_category","value":"65"},{"attribute_code":"show_price_per_unit","value":"1"},{"attribute_code":"volume","value":"100"},{"attribute_code":"enable_fbt_popup","value":"1"},{"attribute_code":"enable_product_for_wa_commerce","value":"0"},{"attribute_code":"beetroot_face_wash","value":"330"},{"attribute_code":"strikethrough","value":"1"},{"attribute_code":"short_description","value":"\u003cp\u003e\u003cspan style=\"font-weight: 400;\"\u003eMake your skin dance to the ‘\u003c/span\u003e\u003cem\u003e\u003cspan style=\"font-weight: 400;\"\u003ebeet\u003c/span\u003e\u003c/em\u003e\u003cspan style=\"font-weight: 400;\"\u003e’ of Mamaearth Beetroot Gentle Face Wash that will give you that natural flushed pink glow. Crafted with the much-loved goodness of Beetroot that gives a beautiful natural glow to the skin, our face wash will make you blush, naturally.   \u003c/span\u003e\u003c/p\u003e\r\n\u003cp\u003e\u003cspan style=\"font-weight: 400;\"\u003eThe Beetroot Gentle Face Wash is a soap-free formula making it uber gentle. It’s also clinically tested to suit sensitive skin. Thanks to Hyaluronic Acid, it’s a powerhouse of instant hydration that doesn’t dry the skin and instead locks in moisture. Want more? The face wash is also infused with Niacinamide, which is proven to reduce dark spots and acne marks, leaving you with an even skin tone. \u003c/span\u003e\u003c/p\u003e\r\n\u003cp\u003e\u003cspan style=\"font-weight: 400;\"\u003eAnd wait! Our Beetroot Gentle Face Wash is Made Safe Certified, which means you won’t find any toxins, Silicones, Parabens, or Mineral Oil in it. \u003c/span\u003e\u003c/p\u003e"},{"attribute_code":"meta_keyword","value":"Hyaluronic Acid Face Wash, Beetroot Face Wash"},{"attribute_code":"attribute_value_1","value":"\u003cdiv class=\"list-banner\"\u003e\u003cimg src=\"https://images.mamaearth.in/wysiwyg/Aplus_beet_moisturizer.jpg\" alt=\"Mamaearth Face Wash\" /\u003e\r\n\u003cp style=\"text-align: center;\"\u003eMamaearth Face Wash\u003c/p\u003e\r\n\u003c/div\u003e"},{"attribute_code":"attribute_value_2","value":"\u003cdiv\u003e\r\n  \u003cul class=\"woodmart-list\"\u003e\r\n    \u003cli\u003e\r\n      \u003cdiv class=\"list-icon\"\u003e\r\n        \u003cimg\r\n          src=\"https://images.mamaearth.in/wysiwyg/beetrootmain.jpg\"\r\n          alt=\"Beetroot Extract\"\r\n        /\u003e\r\n      \u003c/div\u003e\r\n      \u003cspan class=\"list-content\" style=\"text-align: justify\"\r\n        \u003e\u003cstrong\u003eBeetroot Extract: \u003c/strong\u003eIt guards skin cells and gives a\r\n        healthy pink glow, naturally.\r\n      \u003c/span\u003e\r\n    \u003c/li\u003e\r\n    \u003cli\u003e\r\n      \u003cdiv class=\"list-icon\"\u003e\r\n        \u003cimg\r\n          src=\"https://images.mamaearth.in/wysiwyg/Hyaluronic-Acid.jpg\"\r\n          alt=\"Hyaluronic Acid\"\r\n        /\u003e\r\n      \u003c/div\u003e\r\n      \u003cspan class=\"list-content\" style=\"text-align: justify\"\r\n        \u003e\u003cstrong\u003eHyaluronic Acid : \u003c/strong\u003eIt helps hold moisture in your skin\r\n        and keeps it hydrated.\r\n      \u003c/span\u003e\r\n    \u003c/li\u003e\r\n    \u003cli\u003e\r\n      \u003cdiv class=\"list-icon\"\u003e\r\n        \u003cimg\r\n          src=\"https://images.mamaearth.in/wysiwyg/Niacinamide_bKBPt4Y.jpg\"\r\n          alt=\"Niacinamide\"\r\n        /\u003e\r\n      \u003c/div\u003e\r\n      \u003cspan class=\"list-content\" style=\"text-align: justify\"\r\n        \u003e\u003cstrong\u003eNiacinamide : \u003c/strong\u003eIt reduces dark spots, resulting in an\r\n        even skin tone with every wash.\r\n      \u003c/span\u003e\r\n    \u003c/li\u003e\r\n    \u003cli\u003e\r\n      \u003cdiv class=\"list-icon\"\u003e\r\n        \u003cimg\r\n          src=\"https://images.mamaearth.in/wysiwyg/Glycerin_geUYZOq.jpg\"\r\n          alt=\"Glycerin\"\r\n        /\u003e\r\n      \u003c/div\u003e\r\n      \u003cspan class=\"list-content\" style=\"text-align: justify\"\r\n        \u003e\u003cstrong\u003eGlycerin : \u003c/strong\u003eIt’s a powerful humectant that locks in\r\n        moisture and keeps skin dryness at bay.\r\n      \u003c/span\u003e\r\n    \u003c/li\u003e\r\n  \u003c/ul\u003e\r\n\u003c/div\u003e\r\n"},{"attribute_code":"attribute_value_3","value":"\u003cul\u003e\r\n\u003cli style=\"font-weight: 400;\" aria-level=\"1\"\u003e\u003cspan style=\"font-weight: 400;\"\u003eStep 1: Apply a small amount on your damp face.\u003c/span\u003e\u003c/li\u003e\r\n\u003cli style=\"font-weight: 400;\" aria-level=\"1\"\u003e\u003cspan style=\"font-weight: 400;\"\u003eStep 2: Gently massage in a circular motion.\u003c/span\u003e\u003c/li\u003e\r\n\u003cli style=\"font-weight: 400;\" aria-level=\"1\"\u003e\u003cspan style=\"font-weight: 400;\"\u003eStep 3: Rinse off with water and pat dry.\u003c/span\u003e\u003c/li\u003e\r\n\u003cli style=\"font-weight: 400;\" aria-level=\"1\"\u003e\u003cspan style=\"font-weight: 400;\"\u003eStep 4: Avoid direct contact with eyes.\u003c/span\u003e\u003c/li\u003e\r\n\u003c/ul\u003e"},{"attribute_code":"attribute_value_4","value":"\u003cul\u003e\r\n\u003cli style=\"font-weight: 400;\" aria-level=\"1\"\u003e\u003cspan style=\"font-weight: 400;\"\u003eAnyone above the age of 18 years. \u003c/span\u003e\u003c/li\u003e\r\n\u003cli style=\"font-weight: 400;\" aria-level=\"1\"\u003e\u003cspan style=\"font-weight: 400;\"\u003eSuitable for all skin types.\u003c/span\u003e\u003c/li\u003e\r\n\u003c/ul\u003e"},{"attribute_code":"attribute_value_5","value":"\r\n\u003cdiv class=\"compare-img\"\u003e\r\n\u003cul class=\"compare-list\"\u003e\r\n\u003cli\u003e\r\n\u003cdiv class=\"compare-img\"\u003e \u003c/div\u003e\r\n\u003cdiv class=\"compare-content\"\u003e\r\n\u003cul\u003e\r\n\u003cli style=\"font-weight: 400;\" aria-level=\"1\"\u003e\u003cspan style=\"font-weight: 400;\"\u003eHydrates Skin\u003c/span\u003e\u003c/li\u003e\r\n\u003cli style=\"font-weight: 400;\" aria-level=\"1\"\u003e\u003cspan style=\"font-weight: 400;\"\u003eCleanses Gently \u003c/span\u003e\u003c/li\u003e\r\n\u003cli style=\"font-weight: 400;\" aria-level=\"1\"\u003e\u003cspan style=\"font-weight: 400;\"\u003eGives A Natural Pink Glow\u003c/span\u003e\u003c/li\u003e\r\n\u003cli style=\"font-weight: 400;\" aria-level=\"1\"\u003e\u003cspan style=\"font-weight: 400;\"\u003eMade Safe Certified\u003c/span\u003e\u003c/li\u003e\r\n\u003cli style=\"font-weight: 400;\" aria-level=\"1\"\u003e\u003cspan style=\"font-weight: 400;\"\u003eSuitable For All Skin Types\u003c/span\u003e\u003c/li\u003e\r\n\u003cli style=\"font-weight: 400;\" aria-level=\"1\"\u003e\u003cspan style=\"font-weight: 400;\"\u003eDermatologically Tested\u003c/span\u003e\u003c/li\u003e\r\n\u003cli style=\"font-weight: 400;\" aria-level=\"1\"\u003e\u003cspan style=\"font-weight: 400;\"\u003eCruelty-Free\u003c/span\u003e\u003c/li\u003e\r\n\u003cli style=\"font-weight: 400;\" aria-level=\"1\"\u003e\u003cspan style=\"font-weight: 400;\"\u003eToxin-Free \u0026amp; No Harmful Chemicals\u003c/span\u003e\u003c/li\u003e\r\n\u003c/ul\u003e\r\n\u003c/div\u003e\r\n\u003c/li\u003e\r\n\u003cli\u003e\r\n\u003cdiv class=\"compare-img\"\u003e \u003c/div\u003e\r\n\u003cdiv class=\"compare-content\"\u003e\r\n\u003cul\u003e\r\n\u003cli style=\"font-weight: 400;\" aria-level=\"1\"\u003e\u003cspan style=\"font-weight: 400;\"\u003eDoesn’t Hydrate Skin\u003c/span\u003e\u003c/li\u003e\r\n\u003cli style=\"font-weight: 400;\" aria-level=\"1\"\u003e\u003cspan style=\"font-weight: 400;\"\u003eDoesn’t Cleanse Gently\u003c/span\u003e\u003c/li\u003e\r\n\u003cli style=\"font-weight: 400;\" aria-level=\"1\"\u003e\u003cspan style=\"font-weight: 400;\"\u003eDoesn’t Add Glow\u003c/span\u003e\u003c/li\u003e\r\n\u003cli style=\"font-weight: 400;\" aria-level=\"1\"\u003e\u003cspan style=\"font-weight: 400;\"\u003eNot Made Safe Certified \u003c/span\u003e\u003c/li\u003e\r\n\u003cli style=\"font-weight: 400;\" aria-level=\"1\"\u003e\u003cspan style=\"font-weight: 400;\"\u003eNot Suitable for All Skin Types\u003c/span\u003e\u003c/li\u003e\r\n\u003cli style=\"font-weight: 400;\" aria-level=\"1\"\u003e\u003cspan style=\"font-weight: 400;\"\u003eNot Dermatologically Tested\u003c/span\u003e\u003c/li\u003e\r\n\u003cli style=\"font-weight: 400;\" aria-level=\"1\"\u003e\u003cspan style=\"font-weight: 400;\"\u003eNot Cruelty-free\u003c/span\u003e\u003c/li\u003e\r\n\u003cli style=\"font-weight: 400;\" aria-level=\"1\"\u003e\u003cspan style=\"font-weight: 400;\"\u003eContains Harmful Chemicals\u003c/span\u003e\u003c/li\u003e\r\n\u003c/ul\u003e\r\n\u003c/div\u003e\r\n\u003c/li\u003e\r\n\u003c/ul\u003e\r\n\u003c/div\u003e\r\n"},{"attribute_code":"attribute_value_6","value":"\u003ctable\u003e\r\n\u003ctbody\u003e\r\n\u003ctr\u003e\r\n\u003ctd\u003e\r\n\u003cp\u003e\u003cstrong\u003eIngredient\u003c/strong\u003e\u003c/p\u003e\r\n\u003c/td\u003e\r\n\u003ctd\u003e\r\n\u003cp\u003e\u003cstrong\u003eType\u003c/strong\u003e\u003c/p\u003e\r\n\u003c/td\u003e\r\n\u003ctd\u003e\r\n\u003cp\u003e\u003cstrong\u003eWhere Is It From\u003c/strong\u003e\u003c/p\u003e\r\n\u003c/td\u003e\r\n\u003ctd\u003e\r\n\u003cp\u003e\u003cstrong\u003eHow It Helps\u003c/strong\u003e\u003c/p\u003e\r\n\u003c/td\u003e\r\n\u003c/tr\u003e\r\n\u003ctr\u003e\r\n\u003ctd\u003e\r\n\u003cp\u003e\u003cspan style=\"font-weight: 400;\"\u003eAqua\u003c/span\u003e\u003c/p\u003e\r\n\u003c/td\u003e\r\n\u003ctd\u003e\r\n\u003cp\u003e\u003cspan style=\"font-weight: 400;\"\u003eNatural\u003c/span\u003e\u003c/p\u003e\r\n\u003c/td\u003e\r\n\u003ctd\u003e\r\n\u003cp\u003e\u003cspan style=\"font-weight: 400;\"\u003eWater\u003c/span\u003e\u003c/p\u003e\r\n\u003c/td\u003e\r\n\u003ctd\u003e\r\n\u003cp\u003e\u003cspan style=\"font-weight: 400;\"\u003eDiluent\u003c/span\u003e\u003c/p\u003e\r\n\u003c/td\u003e\r\n\u003c/tr\u003e\r\n\u003ctr\u003e\r\n\u003ctd\u003e\r\n\u003cp\u003e\u003cspan style=\"font-weight: 400;\"\u003eSodium Lauroyl Sarcosinate\u003c/span\u003e\u003c/p\u003e\r\n\u003c/td\u003e\r\n\u003ctd\u003e\r\n\u003cp\u003e\u003cspan style=\"font-weight: 400;\"\u003eNatural\u003c/span\u003e\u003c/p\u003e\r\n\u003c/td\u003e\r\n\u003ctd\u003e\r\n\u003cp\u003e\u003cspan style=\"font-weight: 400;\"\u003ePlant-Based\u003c/span\u003e\u003c/p\u003e\r\n\u003c/td\u003e\r\n\u003ctd\u003e\r\n\u003cp\u003e\u003cspan style=\"font-weight: 400;\"\u003eCleansing Agent\u003c/span\u003e\u003c/p\u003e\r\n\u003c/td\u003e\r\n\u003c/tr\u003e\r\n\u003ctr\u003e\r\n\u003ctd\u003e\r\n\u003cp\u003e\u003cspan style=\"font-weight: 400;\"\u003eAcrylates Copolymer\u003c/span\u003e\u003c/p\u003e\r\n\u003c/td\u003e\r\n\u003ctd\u003e\r\n\u003cp\u003e\u003cspan style=\"font-weight: 400;\"\u003eSynthetic\u003c/span\u003e\u003c/p\u003e\r\n\u003c/td\u003e\r\n\u003ctd\u003e\r\n\u003cp\u003e\u003cspan style=\"font-weight: 400;\"\u003eLab-Synthesized\u003c/span\u003e\u003c/p\u003e\r\n\u003c/td\u003e\r\n\u003ctd\u003e\r\n\u003cp\u003e\u003cspan style=\"font-weight: 400;\"\u003eTexture Enhancer\u003c/span\u003e\u003c/p\u003e\r\n\u003c/td\u003e\r\n\u003c/tr\u003e\r\n\u003ctr\u003e\r\n\u003ctd\u003e\r\n\u003cp\u003e\u003cspan style=\"font-weight: 400;\"\u003eCocamidopropyl Betaine\u003c/span\u003e\u003c/p\u003e\r\n\u003c/td\u003e\r\n\u003ctd\u003e\r\n\u003cp\u003e\u003cspan style=\"font-weight: 400;\"\u003eNatural\u003c/span\u003e\u003c/p\u003e\r\n\u003c/td\u003e\r\n\u003ctd\u003e\r\n\u003cp\u003e\u003cspan style=\"font-weight: 400;\"\u003ePlant-Based\u003c/span\u003e\u003c/p\u003e\r\n\u003c/td\u003e\r\n\u003ctd\u003e\r\n\u003cp\u003e\u003cspan style=\"font-weight: 400;\"\u003eSurfactant\u003c/span\u003e\u003c/p\u003e\r\n\u003c/td\u003e\r\n\u003c/tr\u003e\r\n\u003ctr\u003e\r\n\u003ctd\u003e\r\n\u003cp\u003e\u003cspan style=\"font-weight: 400;\"\u003eSodium\u003c/span\u003e\u003c/p\u003e\r\n\u003cp\u003e\u003cspan style=\"font-weight: 400;\"\u003eCocoamphoacetate\u003c/span\u003e\u003c/p\u003e\r\n\u003c/td\u003e\r\n\u003ctd\u003e\r\n\u003cp\u003e\u003cspan style=\"font-weight: 400;\"\u003eNatural\u003c/span\u003e\u003c/p\u003e\r\n\u003c/td\u003e\r\n\u003ctd\u003e\r\n\u003cp\u003e\u003cspan style=\"font-weight: 400;\"\u003ePlant-Based\u003c/span\u003e\u003c/p\u003e\r\n\u003c/td\u003e\r\n\u003ctd\u003e\r\n\u003cp\u003e\u003cspan style=\"font-weight: 400;\"\u003eCleansing Agent\u003c/span\u003e\u003c/p\u003e\r\n\u003c/td\u003e\r\n\u003c/tr\u003e\r\n\u003ctr\u003e\r\n\u003ctd\u003e\r\n\u003cp\u003e\u003cspan style=\"font-weight: 400;\"\u003eGlycerin\u003c/span\u003e\u003c/p\u003e\r\n\u003c/td\u003e\r\n\u003ctd\u003e\r\n\u003cp\u003e\u003cspan style=\"font-weight: 400;\"\u003eNatural\u003c/span\u003e\u003c/p\u003e\r\n\u003c/td\u003e\r\n\u003ctd\u003e\r\n\u003cp\u003e\u003cspan style=\"font-weight: 400;\"\u003ePlant-Based\u003c/span\u003e\u003c/p\u003e\r\n\u003c/td\u003e\r\n\u003ctd\u003e\r\n\u003cp\u003e\u003cspan style=\"font-weight: 400;\"\u003eHumectant\u003c/span\u003e\u003c/p\u003e\r\n\u003c/td\u003e\r\n\u003c/tr\u003e\r\n\u003ctr\u003e\r\n\u003ctd\u003e\r\n\u003cp\u003e\u003cspan style=\"font-weight: 400;\"\u003eHydroxyethyl Urea\u003c/span\u003e\u003c/p\u003e\r\n\u003c/td\u003e\r\n\u003ctd\u003e\r\n\u003cp\u003e\u003cspan style=\"font-weight: 400;\"\u003eSynthetic\u003c/span\u003e\u003c/p\u003e\r\n\u003c/td\u003e\r\n\u003ctd\u003e\r\n\u003cp\u003e\u003cspan style=\"font-weight: 400;\"\u003eLab-Synthesized\u003c/span\u003e\u003c/p\u003e\r\n\u003c/td\u003e\r\n\u003ctd\u003e\r\n\u003cp\u003e\u003cspan style=\"font-weight: 400;\"\u003eHumectant\u003c/span\u003e\u003c/p\u003e\r\n\u003c/td\u003e\r\n\u003c/tr\u003e\r\n\u003ctr\u003e\r\n\u003ctd\u003e\r\n\u003cp\u003e\u003cspan style=\"font-weight: 400;\"\u003ePolyglycerin-3\u003c/span\u003e\u003c/p\u003e\r\n\u003c/td\u003e\r\n\u003ctd\u003e\r\n\u003cp\u003e\u003cspan style=\"font-weight: 400;\"\u003eNatural\u003c/span\u003e\u003c/p\u003e\r\n\u003c/td\u003e\r\n\u003ctd\u003e\r\n\u003cp\u003e\u003cspan style=\"font-weight: 400;\"\u003ePlant-Based\u003c/span\u003e\u003c/p\u003e\r\n\u003c/td\u003e\r\n\u003ctd\u003e\r\n\u003cp\u003e\u003cspan style=\"font-weight: 400;\"\u003eHumectant\u003c/span\u003e\u003c/p\u003e\r\n\u003c/td\u003e\r\n\u003c/tr\u003e\r\n\u003ctr\u003e\r\n\u003ctd\u003e\r\n\u003cp\u003e\u003cspan style=\"font-weight: 400;\"\u003ePhenoxyethanol\u003c/span\u003e\u003c/p\u003e\r\n\u003c/td\u003e\r\n\u003ctd\u003e\r\n\u003cp\u003e\u003cspan style=\"font-weight: 400;\"\u003eNatural\u003c/span\u003e\u003c/p\u003e\r\n\u003c/td\u003e\r\n\u003ctd\u003e\r\n\u003cp\u003e\u003cspan style=\"font-weight: 400;\"\u003ePlant-Based\u003c/span\u003e\u003c/p\u003e\r\n\u003c/td\u003e\r\n\u003ctd\u003e\r\n\u003cp\u003e\u003cspan style=\"font-weight: 400;\"\u003eNatural Preservative\u003c/span\u003e\u003c/p\u003e\r\n\u003c/td\u003e\r\n\u003c/tr\u003e\r\n\u003ctr\u003e\r\n\u003ctd\u003e\r\n\u003cp\u003e\u003cspan style=\"font-weight: 400;\"\u003eEthylhexylglycerin\u003c/span\u003e\u003c/p\u003e\r\n\u003c/td\u003e\r\n\u003ctd\u003e\r\n\u003cp\u003e\u003cspan style=\"font-weight: 400;\"\u003eNatural\u003c/span\u003e\u003c/p\u003e\r\n\u003c/td\u003e\r\n\u003ctd\u003e\r\n\u003cp\u003e\u003cspan style=\"font-weight: 400;\"\u003ePlant-Based\u003c/span\u003e\u003c/p\u003e\r\n\u003c/td\u003e\r\n\u003ctd\u003e\r\n\u003cp\u003e\u003cspan style=\"font-weight: 400;\"\u003eSkin-Softening Agent\u003c/span\u003e\u003c/p\u003e\r\n\u003c/td\u003e\r\n\u003c/tr\u003e\r\n\u003ctr\u003e\r\n\u003ctd\u003e\r\n\u003cp\u003e\u003cspan style=\"font-weight: 400;\"\u003eIFRA Certified Allergen Free Fragrance\u003c/span\u003e\u003c/p\u003e\r\n\u003c/td\u003e\r\n\u003ctd\u003e\r\n\u003cp\u003e\u003cspan style=\"font-weight: 400;\"\u003eSynthetic\u003c/span\u003e\u003c/p\u003e\r\n\u003c/td\u003e\r\n\u003ctd\u003e\r\n\u003cp\u003e\u003cspan style=\"font-weight: 400;\"\u003eLab-Synthesized\u003c/span\u003e\u003c/p\u003e\r\n\u003c/td\u003e\r\n\u003ctd\u003e\r\n\u003cp\u003e\u003cspan style=\"font-weight: 400;\"\u003eFragrance\u003c/span\u003e\u003c/p\u003e\r\n\u003c/td\u003e\r\n\u003c/tr\u003e\r\n\u003ctr\u003e\r\n\u003ctd\u003e\r\n\u003cp\u003e\u003cspan style=\"font-weight: 400;\"\u003eBeta Vulgaris (Beetroot) Extract\u003c/span\u003e\u003c/p\u003e\r\n\u003c/td\u003e\r\n\u003ctd\u003e\r\n\u003cp\u003e\u003cspan style=\"font-weight: 400;\"\u003eNatural\u003c/span\u003e\u003c/p\u003e\r\n\u003c/td\u003e\r\n\u003ctd\u003e\r\n\u003cp\u003e\u003cspan style=\"font-weight: 400;\"\u003ePlant-Based\u003c/span\u003e\u003c/p\u003e\r\n\u003c/td\u003e\r\n\u003ctd\u003e\r\n\u003cp\u003eAntioxidant\u003c/p\u003e\r\n\u003c/td\u003e\r\n\u003c/tr\u003e\r\n\u003ctr\u003e\r\n\u003ctd\u003e\r\n\u003cp\u003e\u003cspan style=\"font-weight: 400;\"\u003eSodium Hydroxide\u003c/span\u003e\u003c/p\u003e\r\n\u003c/td\u003e\r\n\u003ctd\u003e\r\n\u003cp\u003e\u003cspan style=\"font-weight: 400;\"\u003eSynthetic\u003c/span\u003e\u003c/p\u003e\r\n\u003c/td\u003e\r\n\u003ctd\u003e\r\n\u003cp\u003e\u003cspan style=\"font-weight: 400;\"\u003eLab Synthesized\u003c/span\u003e\u003c/p\u003e\r\n\u003c/td\u003e\r\n\u003ctd\u003e\r\n\u003cp\u003e\u003cspan style=\"font-weight: 400;\"\u003epH Adjuster\u003c/span\u003e\u003c/p\u003e\r\n\u003c/td\u003e\r\n\u003c/tr\u003e\r\n\u003ctr\u003e\r\n\u003ctd\u003e\r\n\u003cp\u003e\u003cspan style=\"font-weight: 400;\"\u003eHydrogenated Castor Oil\u003c/span\u003e\u003c/p\u003e\r\n\u003c/td\u003e\r\n\u003ctd\u003e\r\n\u003cp\u003e\u003cspan style=\"font-weight: 400;\"\u003eNatural \u003c/span\u003e\u003c/p\u003e\r\n\u003c/td\u003e\r\n\u003ctd\u003e\r\n\u003cp\u003e\u003cspan style=\"font-weight: 400;\"\u003ePlant-Based\u003c/span\u003e\u003c/p\u003e\r\n\u003c/td\u003e\r\n\u003ctd\u003e\r\n\u003cp\u003e\u003cspan style=\"font-weight: 400;\"\u003eEmollient\u003c/span\u003e\u003c/p\u003e\r\n\u003c/td\u003e\r\n\u003c/tr\u003e\r\n\u003ctr\u003e\r\n\u003ctd\u003e\r\n\u003cp\u003e\u003cspan style=\"font-weight: 400;\"\u003eSodium Benzoate\u003c/span\u003e\u003c/p\u003e\r\n\u003c/td\u003e\r\n\u003ctd\u003e\r\n\u003cp\u003e\u003cspan style=\"font-weight: 400;\"\u003eSynthetic\u003c/span\u003e\u003c/p\u003e\r\n\u003c/td\u003e\r\n\u003ctd\u003e\r\n\u003cp\u003e\u003cspan style=\"font-weight: 400;\"\u003eLab-Synthesized\u003c/span\u003e\u003c/p\u003e\r\n\u003c/td\u003e\r\n\u003ctd\u003e\r\n\u003cp\u003e\u003cspan style=\"font-weight: 400;\"\u003ePreservative\u003c/span\u003e\u003c/p\u003e\r\n\u003c/td\u003e\r\n\u003c/tr\u003e\r\n\u003ctr\u003e\r\n\u003ctd\u003e\r\n\u003cp\u003e\u003cspan style=\"font-weight: 400;\"\u003eNiacinamide\u003c/span\u003e\u003c/p\u003e\r\n\u003c/td\u003e\r\n\u003ctd\u003e\r\n\u003cp\u003e\u003cspan style=\"font-weight: 400;\"\u003eNatural\u003c/span\u003e\u003c/p\u003e\r\n\u003c/td\u003e\r\n\u003ctd\u003e\r\n\u003cp\u003e\u003cspan style=\"font-weight: 400;\"\u003eYeast\u003c/span\u003e\u003c/p\u003e\r\n\u003c/td\u003e\r\n\u003ctd\u003e\r\n\u003cp\u003e\u003cspan style=\"font-weight: 400;\"\u003eSkin-Restoring\u003c/span\u003e\u003c/p\u003e\r\n\u003c/td\u003e\r\n\u003c/tr\u003e\r\n\u003ctr\u003e\r\n\u003ctd\u003e\r\n\u003cp\u003e\u003cspan style=\"font-weight: 400;\"\u003eHyaluronic Acid\u003c/span\u003e\u003c/p\u003e\r\n\u003c/td\u003e\r\n\u003ctd\u003e\r\n\u003cp\u003e\u003cspan style=\"font-weight: 400;\"\u003eNatural\u003c/span\u003e\u003c/p\u003e\r\n\u003c/td\u003e\r\n\u003ctd\u003e\r\n\u003cp\u003e\u003cspan style=\"font-weight: 400;\"\u003ePlant-Based\u003c/span\u003e\u003c/p\u003e\r\n\u003c/td\u003e\r\n\u003ctd\u003e\r\n\u003cp\u003e\u003cspan style=\"font-weight: 400;\"\u003eHydrating Agent\u003c/span\u003e\u003c/p\u003e\r\n\u003c/td\u003e\r\n\u003c/tr\u003e\r\n\u003ctr\u003e\r\n\u003ctd\u003e\r\n\u003cp\u003e\u003cspan style=\"font-weight: 400;\"\u003eBenzophenone 4\u003c/span\u003e\u003c/p\u003e\r\n\u003c/td\u003e\r\n\u003ctd\u003e\r\n\u003cp\u003e\u003cspan style=\"font-weight: 400;\"\u003eNatural\u003c/span\u003e\u003c/p\u003e\r\n\u003c/td\u003e\r\n\u003ctd\u003e\r\n\u003cp\u003e\u003cspan style=\"font-weight: 400;\"\u003ePlant-Based\u003c/span\u003e\u003c/p\u003e\r\n\u003c/td\u003e\r\n\u003ctd\u003e\r\n\u003cp\u003e\u003cspan style=\"font-weight: 400;\"\u003ephotoprotectant\u003c/span\u003e\u003c/p\u003e\r\n\u003c/td\u003e\r\n\u003c/tr\u003e\r\n\u003ctr\u003e\r\n\u003ctd\u003e\r\n\u003cp\u003e\u003cspan style=\"font-weight: 400;\"\u003ePisum Sativum (Pea) Extract\u003c/span\u003e\u003c/p\u003e\r\n\u003c/td\u003e\r\n\u003ctd\u003e\r\n\u003cp\u003e\u003cspan style=\"font-weight: 400;\"\u003eNatural\u003c/span\u003e\u003c/p\u003e\r\n\u003c/td\u003e\r\n\u003ctd\u003e\r\n\u003cp\u003e\u003cspan style=\"font-weight: 400;\"\u003ePlant-Based\u003c/span\u003e\u003c/p\u003e\r\n\u003c/td\u003e\r\n\u003ctd\u003e\r\n\u003cp\u003e\u003cspan style=\"font-weight: 400;\"\u003eSkin Conditioning Agent\u003c/span\u003e\u003c/p\u003e\r\n\u003c/td\u003e\r\n\u003c/tr\u003e\r\n\u003ctr\u003e\r\n\u003ctd\u003e\r\n\u003cp\u003e\u003cspan style=\"font-weight: 400;\"\u003eMorus Alba Leaf\u003c/span\u003e\u003c/p\u003e\r\n\u003cp\u003e\u003cspan style=\"font-weight: 400;\"\u003e(Mulberry) Extract\u003c/span\u003e\u003c/p\u003e\r\n\u003c/td\u003e\r\n\u003ctd\u003e\r\n\u003cp\u003e\u003cspan style=\"font-weight: 400;\"\u003eNatural\u003c/span\u003e\u003c/p\u003e\r\n\u003c/td\u003e\r\n\u003ctd\u003e\r\n\u003cp\u003e\u003cspan style=\"font-weight: 400;\"\u003ePlant-Based\u003c/span\u003e\u003c/p\u003e\r\n\u003c/td\u003e\r\n\u003ctd\u003e\r\n\u003cp\u003e\u003cspan style=\"font-weight: 400;\"\u003eSkin Smoothening Agent\u003c/span\u003e\u003c/p\u003e\r\n\u003c/td\u003e\r\n\u003c/tr\u003e\r\n\u003ctr\u003e\r\n\u003ctd\u003e\r\n\u003cp\u003e\u003cspan style=\"font-weight: 400;\"\u003eSodium Gluconate\u003c/span\u003e\u003c/p\u003e\r\n\u003c/td\u003e\r\n\u003ctd\u003e\r\n\u003cp\u003e\u003cspan style=\"font-weight: 400;\"\u003eNatural \u003c/span\u003e\u003c/p\u003e\r\n\u003c/td\u003e\r\n\u003ctd\u003e\r\n\u003cp\u003e\u003cspan style=\"font-weight: 400;\"\u003ePlant-Based\u003c/span\u003e\u003c/p\u003e\r\n\u003c/td\u003e\r\n\u003ctd\u003e\r\n\u003cp\u003e\u003cspan style=\"font-weight: 400;\"\u003eChelating Agent\u003c/span\u003e\u003c/p\u003e\r\n\u003c/td\u003e\r\n\u003c/tr\u003e\r\n\u003ctr\u003e\r\n\u003ctd\u003e\r\n\u003cp\u003e\u003cspan style=\"font-weight: 400;\"\u003eBetaine\u003c/span\u003e\u003c/p\u003e\r\n\u003c/td\u003e\r\n\u003ctd\u003e\r\n\u003cp\u003e\u003cspan style=\"font-weight: 400;\"\u003eNatural\u003c/span\u003e\u003c/p\u003e\r\n\u003c/td\u003e\r\n\u003ctd\u003e\r\n\u003cp\u003e\u003cspan style=\"font-weight: 400;\"\u003ePlant-Based\u003c/span\u003e\u003c/p\u003e\r\n\u003c/td\u003e\r\n\u003ctd\u003e\r\n\u003cp\u003e\u003cspan style=\"font-weight: 400;\"\u003eHumectant\u003c/span\u003e\u003c/p\u003e\r\n\u003c/td\u003e\r\n\u003c/tr\u003e\r\n\u003ctr\u003e\r\n\u003ctd\u003e\r\n\u003cp\u003e\u003cspan style=\"font-weight: 400;\"\u003e D-Panthenol\u003c/span\u003e\u003c/p\u003e\r\n\u003c/td\u003e\r\n\u003ctd\u003e\r\n\u003cp\u003e\u003cspan style=\"font-weight: 400;\"\u003eSynthetic\u003c/span\u003e\u003c/p\u003e\r\n\u003c/td\u003e\r\n\u003ctd\u003e\r\n\u003cp\u003e\u003cspan style=\"font-weight: 400;\"\u003eLab-Synthesized\u003c/span\u003e\u003c/p\u003e\r\n\u003c/td\u003e\r\n\u003ctd\u003e\r\n\u003cp\u003e\u003cspan style=\"font-weight: 400;\"\u003eMoisturizer\u003c/span\u003e\u003c/p\u003e\r\n\u003c/td\u003e\r\n\u003c/tr\u003e\r\n\u003ctr\u003e\r\n\u003ctd\u003e\r\n\u003cp\u003e\u003cspan style=\"font-weight: 400;\"\u003eFood Grade Color (CI No.16185)\u003c/span\u003e\u003c/p\u003e\r\n\u003c/td\u003e\r\n\u003ctd\u003e\r\n\u003cp\u003e\u003cspan style=\"font-weight: 400;\"\u003eSynthetic\u003c/span\u003e\u003c/p\u003e\r\n\u003c/td\u003e\r\n\u003ctd\u003e\r\n\u003cp\u003e\u003cspan style=\"font-weight: 400;\"\u003eLab-Synthesized\u003c/span\u003e\u003c/p\u003e\r\n\u003c/td\u003e\r\n\u003ctd\u003e\r\n\u003cp\u003e\u003cspan style=\"font-weight: 400;\"\u003ePigment\u003c/span\u003e\u003c/p\u003e\r\n\u003c/td\u003e\r\n\u003c/tr\u003e\r\n\u003c/tbody\u003e\r\n\u003c/table\u003e"},{"attribute_code":"attribute_value_7","value":"\u003cdiv id=\"faqs\"\u003e\r\n  \u003cp\u003eI have sensitive skin. Will this face wash suit me?\u003c/p\u003e\r\n  \u003cp\u003e\r\n    Yes, the Beetroot Gentle Face Wash is perfectly suitable for sensitive skin.\r\n  \u003c/p\u003e\r\n  \u003cp\u003eCan I use this face wash everyday?\u003c/p\u003e\r\n  \u003cp\u003eYes, the Beetroot Gentle Face Wash is meant to be used everyday.\u003c/p\u003e\r\n  \u003cp\u003eWill it make my skin dry?\u003c/p\u003e\r\n  \u003cp\u003e\r\n    No, the Beetroot Gentle Face Wash is a soap-free formula and very gentle; it\r\n    cleanses without drying.\r\n  \u003c/p\u003e\r\n  \u003cp\u003eWill this face wash improve my skin tone?\u003c/p\u003e\r\n  \u003cp\u003e\r\n    The Beetroot Gentle Face Wash is infused with Niacinamide that reduces dark\r\n    spots, resulting in clearer skin with every wash.\r\n  \u003c/p\u003e\r\n\u003c/div\u003e\r\n"},{"attribute_code":"special_from_date","value":"2024-05-10 07:39:00"}],"hide_in_front":0,"image":"/1/-/1-with-ingredients_3.jpg","imageAltTags":["mamaearth beetroot face wash"],"is_in_stock":true,"name":"Beetroot Gentle Face Wash With Beetroot \u0026 Hyaluronic Acid - 100 ml","position":"2","price":"269.00","product_card_tags":"Gives Natural Pink Glow | Hydrates Skin Intensely","review_count":143,"sku":"8904417311549","special_price":"","special_price_from_date":{"date":"2024-05-10 13:09:00","timezone_type":3,"timezone":"Asia/Kolkata"},"tags":"Selling Fast","url_key":"beetroot-gentle-face-wash","configurable_option":{"attribute_id":294,"option_id":330,"attribute_label":"Beetroot_Face_Wash","title":"100 ml","swatch_data":{"swatch_id":468,"option_id":330,"store_id":1,"type":0,"value":"100 ml"}},"siblings":[{"id":1207,"sku":"8904417313734","name":"Beetroot Gentle Face Wash With Beetroot \u0026 Hyaluronic Acid - 100 ml (Pack of 2)","url_key":"beetroot-gentle-face-wash-pack-of-2","price":"518.00","is_in_stock":true,"custom_attributes":[{"attribute_code":"saving_scheme","value":"price_per_100_ml"},{"attribute_code":"volume","value":"200"}],"special_price":"414.00","parent_id":1243,"attribute_id":294,"option_id":331,"parent_sku":"54749673","attribute_label":"Beetroot_Face_Wash","title":"100 ml (Pack of 2)","swatch_data":{"swatch_id":470,"option_id":331,"store_id":1,"type":0,"value":"100 ml (Pack of 2)"},"special_from_date":{"date":"2025-05-24 00:01:00","timezone_type":3,"timezone":"Asia/Kolkata"}}],"product_subtitle_keys":["Buy 1 Get 1 FREE"," Face Wash"," Beetroot"],"size":"100ml","unitPrice":"2.69/ml","old_productid":"1141","generic_name":null},{"id":772,"tier_prices":[],"avg_rating_percent":98,"categories":[2,18,21,23,24,74,143,144,145,218,253,103,31,337,381,400,419,52,372],"configurable_option":{"attribute_id":246,"option_id":173,"attribute_label":"Vitamin c daily glow cream","title":"30ml","swatch_data":{"swatch_id":187,"option_id":173,"store_id":1,"type":0,"value":"30ml"}},"created_at":"2023-01-04 06:24:18","custom_attributes":[{"attribute_code":"manufacturer","value":"Bio Avenues (An ISO 9001:2015 Certified Co.) D- 29, Industrial Focal Point, Derabassi (PB.) - 140507, INDIA"},{"attribute_code":"meta_title","value":"Glow Face Serum with Turmeric \u0026 Vitamin C for Skin -30ml"},{"attribute_code":"meta_description","value":"Mamaearth glow face serum for radiant skin. It enriched with the goodness of turmeric \u0026 50x vitamin c fights free radical damage \u0026 brightens skin."},{"attribute_code":"image","value":"/v/i/vitamin-c-glow-serum_1.jpg"},{"attribute_code":"small_image","value":"/v/i/vitamin-c-glow-serum_1.jpg"},{"attribute_code":"thumbnail","value":"/v/i/vitamin-c-glow-serum_1.jpg"},{"attribute_code":"options_container","value":"container2"},{"attribute_code":"small_image_label","value":"vitamin c daily glow face serum"},{"attribute_code":"thumbnail_label","value":"vitamin c daily glow face serum"},{"attribute_code":"country_of_manufacture","value":"IN"},{"attribute_code":"url_key","value":"vitamin-c-daily-glow-face-serum-with-vitamin-c-turmeric-for-radiant-skin-30-ml"},{"attribute_code":"msrp_display_actual_price_type","value":"0"},{"attribute_code":"gift_message_available","value":"0"},{"attribute_code":"swatch_image","value":"/v/i/vitamin-c-glow-serum_1.jpg"},{"attribute_code":"attribute_label_1","value":"Results of Vitamin C Daily Glow Face Serum"},{"attribute_code":"attribute_label_2","value":"Key Ingredients"},{"attribute_code":"attribute_label_3","value":"How to Use"},{"attribute_code":"attribute_label_4","value":"Who can Use"},{"attribute_code":"attribute_label_5","value":"Why Mamaearth"},{"attribute_code":"attribute_label_6","value":"Ingredient List"},{"attribute_code":"attribute_label_7","value":"FAQS"},{"attribute_code":"best_before","value":"24 Months"},{"attribute_code":"dimensions","value":"10 * 5 * 5 cm"},{"attribute_code":"mrp","value":"399"},{"attribute_code":"old_productid","value":"861"},{"attribute_code":"weight_when_packed","value":"0.500"},{"attribute_code":"tags","value":"Low Stock Alert!"},{"attribute_code":"marketed_by","value":"Honasa Consumer Limited, 10th and 11th Floor, Capital Cyberscape, Sector 59, Gurugram, Haryana, 122101"},{"attribute_code":"live_url","value":"https://mamaearth.in/product/vitamin-c-daily-glow-face-serum-with-vitamin-c-turmeric-for-radiant-skin-30-ml"},{"attribute_code":"license_no","value":"143-Cos.-Pb."},{"attribute_code":"length","value":"10"},{"attribute_code":"google_category","value":"2915"},{"attribute_code":"cms_sequence","value":"1,2,3,4,5,6,7,8"},{"attribute_code":"width","value":"5"},{"attribute_code":"height","value":"5"},{"attribute_code":"breadcrumb_category","value":"74","title":"Best Face Serum in India","url_key":"face-serum"},{"attribute_code":"custom_product_type","value":"be_face"},{"attribute_code":"brand","value":"4"},{"attribute_code":"product_card_tags","value":"Enriched with 50X Vitamin C* | Brightens Skin"},{"attribute_code":"saving_scheme","value":"price_per_100_ml"},{"attribute_code":"product_subtitle_keys","value":"Buy 1 Get 1 FREE, Face Serum, Vitamin C"},{"attribute_code":"is_suitable_for_skin_type","value":"465","label":"normal"},{"attribute_code":"skin_goals","value":"469,470,472","label":"bright skin, even skin tone, glow"},{"attribute_code":"tax_class_id","value":"2"},{"attribute_code":"create_scarcity","value":"1"},{"attribute_code":"hide_product_infront","value":"0"},{"attribute_code":"show_in_feed","value":"1"},{"attribute_code":"base_category","value":"86"},{"attribute_code":"base_sub_category","value":"61"},{"attribute_code":"key_ingredient","value":"501"},{"attribute_code":"show_price_per_unit","value":"1"},{"attribute_code":"volume","value":"30"},{"attribute_code":"enable_fbt_popup","value":"0"},{"attribute_code":"vitamin_c_daily_glow_cream","value":"173"},{"attribute_code":"strikethrough","value":"1"},{"attribute_code":"short_description","value":"\u003cp style=\"text-align: justify;\"\u003eHello brighter skin with Mamaearth Vitamin C Daily Glow Face Serum! Enriched with 5%  Vitamin C, this daily face serum features a potent formula for skin that glows, everyday!\u003cbr/\u003e\r\nCrafted with the power of 50X Vitamin C*, this face serum fights free radical damage \u0026 brightens the skin, naturally. Also infused with Turmeric, the face serum reduces dullness and revives your skin’s natural glow. \u003cbr/\u003e\r\nVitamin C Daily Glow Face Serum has a lightweight \u0026 fragrance-free formula that gets absorbed into the skin instantly, leaving you with radiant skin without the greasiness.  That's not all! It is also Made Safe certified, which means it is free of toxins and harmful chemicals.\u003cbr/\u003e\r\n*Contains more than 50x concentration of Vitamin C as compared to Mamaearth Vitamin C Daily Glow Face Cream\r\n\u003c/p\u003e"},{"attribute_code":"attribute_value_1","value":"\u003cdiv class=\"list-banner\"\u003e\u003cimg loading=\"lazy\" src=\"https://images.mamaearth.in/wysiwyg/25-05-23/vit-c-daily-glow-serum%20%281%29.jpg\" alt=\"Glow face serum with vitamin c\" width=\"970\" height=\"3180\" /\u003e\r\n\u003cp style=\"text-align: center;\"\u003eVitamin C Daily Glow Face Serum\u003c/p\u003e\r\n\u003c/div\u003e"},{"attribute_code":"attribute_value_2","value":"\u003cul class=\"woodmart-list\"\u003e\r\n\u003cli\u003e\r\n\u003cdiv class=\"list-icon\"\u003e\u003cimg loading=\"lazy\" src=\"https://images.mamaearth.in/wysiwyg/06-01-2023/5.png\" alt=\"mamaearth vitamin c glow serum ingredients as mamaearth Skin Illuminate Face Serum  with Vitamin C\" width=\"176\" height=\"176\" /\u003e\u003c/div\u003e\r\n\u003cspan class=\"list-content\" style=\"text-align: justify;\"\u003e\u003cstrong\u003eVitamin C : \u003c/strong\u003eLoaded with antioxidants, Vitamin C fights free radical damage \u0026amp; brightens skin.\u003c/span\u003e\u003c/li\u003e\r\n\u003cli\u003e\r\n\u003cdiv class=\"list-icon\"\u003e\u003cimg loading=\"lazy\" src=\"https://images.mamaearth.in/wysiwyg/06-01-2023/7.jpg\" alt=\"Mamaearth skin brightening serum as Skin Illuminate Face Serum  for face with Nymphaea Alba Flower Extract \" /\u003e\u003c/div\u003e\r\n\u003cspan class=\"list-content\" style=\"text-align: justify;\"\u003e\u003cstrong\u003eNiacinamide : \u003c/strong\u003e Great for dark spots, Niacinamide boosts collagen production \u0026amp; improves skin texture.\u003c/span\u003e\u003c/li\u003e\r\n\u003cli\u003e\r\n\u003cdiv class=\"list-icon\"\u003e\u003cimg loading=\"lazy\" src=\"https://images.mamaearth.in/wysiwyg/06-01-2023/6.jpg\" alt=\"Mamaearth c glow serum\" /\u003e\u003c/div\u003e\r\n\u003cspan class=\"list-content\" style=\"text-align: justify;\"\u003e\u003cstrong\u003eTurmeric : \u003c/strong\u003ePacked with anti-inflammatory benefits, Turmeric soothes skin \u0026amp; revives natural glow. \u003c/span\u003e\u003c/li\u003e\r\n\u003cli\u003e\r\n\u003cdiv class=\"list-icon\"\u003e\u003cimg loading=\"lazy\" src=\"https://images.mamaearth.in/wysiwyg/06-01-2023/8.jpg\" alt=\"Mamaearth Vitamin C Serum for Acne Prone Skin as Skin Illuminate Face Serum with Squalane\" /\u003e\u003c/div\u003e\r\n\u003cspan class=\"list-content\" style=\"text-align: justify;\"\u003e\u003cstrong\u003eTangerine : \u003c/strong\u003eRich in Citric Acid, Tangerine enhances the skin’s elasticity and helps it look firm \u0026amp; youthful. \u003c/span\u003e\u003c/li\u003e\r\n\u003c/ul\u003e"},{"attribute_code":"attribute_value_3","value":"\u003cul\u003e\r\n\u003cli\u003e\u003cspan class=\"list-content\"\u003e\u003cstrong\u003eStep 1 : \u003c/strong\u003eTake an adequate amount of the serum.\u003c/span\u003e\u003c/li\u003e\r\n\u003cli\u003e\u003cspan class=\"list-content\"\u003e\u003cstrong\u003eStep 2 : \u003c/strong\u003eApply it on your face  \u0026 neck in an upward circular motion.\u003c/span\u003e\u003c/li\u003e\r\n\u003cli\u003e\u003cspan class=\"list-content\"\u003e\u003cstrong\u003eStep 3 : \u003c/strong\u003eGently massage it until it’s absorbed.\u003c/span\u003e\u003c/li\u003e\r\n\u003cli\u003e\u003cspan class=\"list-content\"\u003e\u003cstrong\u003eStep 4 : \u003c/strong\u003eUse it twice a day for best results.\u003c/span\u003e\u003c/li\u003e\r\n\u003cli\u003e\u003cspan class=\"list-content\"\u003e\u003cstrong\u003eStep 5 : \u003c/strong\u003eDuring the day, follow it up with Vitamin C Daily Glow Sunscreen. \u003c/span\u003e\u003c/li\u003e\r\n\u003c/ul\u003e"},{"attribute_code":"attribute_value_4","value":"\u003cul style=\"list-style: disc; padding-left: 1em;\"\u003e\r\n\u003cli\u003eMen and Women of age 18 years and above\u003c/li\u003e\r\n\u003cli\u003e\u003cspan class=\"list-content\"\u003eThe face serum is suitable for all skin types\u003c/span\u003e\u003c/li\u003e\r\n\u003c/ul\u003e"},{"attribute_code":"attribute_value_5","value":"\u003cul class=\"compare-list\"\u003e\r\n\u003cli\u003e\r\n\u003cdiv class=\"compare-content\"\u003e\r\n\u003cul\u003e\r\n\u003cli\u003eBrightens Skin\u003c/li\u003e\u003cli\u003e\r\nEvens Skin Tone\u003c/li\u003e\u003cli\u003e\r\nRevives Natural Glow\u003c/li\u003e\u003cli\u003e\r\nLightweight Formula\u003c/li\u003e\u003cli\u003e\r\nMade Safe Certified\u003c/li\u003e\u003cli\u003e\r\nSuitable For All Skin Types\u003c/li\u003e\u003cli\u003e\r\nDermatologically Tested\u003c/li\u003e\u003cli\u003e\r\nCruelty-Free\u003c/li\u003e\u003cli\u003e\r\nToxin-Free \u0026 No Harmful Chemicals\r\n\u003c/li\u003e\r\n\u003c/ul\u003e\r\n\u003c/div\u003e\r\n\u003c/li\u003e\r\n\u003cli\u003e\r\n\u003cdiv class=\"compare-content\"\u003e\r\n\u003cul\u003e\r\n\u003cli\u003eDoesn’t Brighten Skin\u003c/li\u003e\u003cli\u003e\r\nNo Changes in Skin Tone\u003c/li\u003e\u003cli\u003e\r\nDoesn’t Make Skin Glow\u003c/li\u003e\u003cli\u003e\r\nGreasy \u0026 Heavy\u003c/li\u003e\u003cli\u003e\r\nNot Made Safe Certified \u003c/li\u003e\u003cli\u003e\r\nNot Suitable for All Skin Types\u003c/li\u003e\u003cli\u003e\r\nNot Dermatologically Tested\u003c/li\u003e\u003cli\u003e\r\nNot Cruelty-free\u003c/li\u003e\u003cli\u003e\r\nContains Harmful Chemicals\r\n\u003c/li\u003e\r\n\u003c/ul\u003e\r\n\u003c/div\u003e\r\n\u003c/li\u003e\r\n\u003c/ul\u003e"},{"attribute_code":"attribute_value_6","value":"\u003ctable\u003e\r\n\u003ctbody\u003e\r\n\u003ctr\u003e\r\n\u003ctd\u003e\r\n\u003cp\u003e\u003cstrong\u003eIngredient\u003c/strong\u003e\u003c/p\u003e\r\n\u003c/td\u003e\r\n\u003ctd\u003e\r\n\u003cp\u003e\u003cstrong\u003eType\u003c/strong\u003e\u003c/p\u003e\r\n\u003c/td\u003e\r\n\u003ctd\u003e\r\n\u003cp\u003e\u003cstrong\u003eWhere Is It From\u003c/strong\u003e\u003c/p\u003e\r\n\u003c/td\u003e\r\n\u003ctd\u003e\r\n\u003cp\u003e\u003cstrong\u003eHow It Helps\u003c/strong\u003e\u003c/p\u003e\r\n\u003c/td\u003e\r\n\u003c/tr\u003e\r\n\u003ctr\u003e\r\n\u003ctd\u003e\r\n\u003cp\u003e\u003cspan style=\"font-weight: 400;\"\u003eAqua\u003c/span\u003e\u003c/p\u003e\r\n\u003c/td\u003e\r\n\u003ctd\u003e\r\n\u003cp\u003e\u003cspan style=\"font-weight: 400;\"\u003eNatural\u003c/span\u003e\u003c/p\u003e\r\n\u003c/td\u003e\r\n\u003ctd\u003e\r\n\u003cp\u003e\u003cspan style=\"font-weight: 400;\"\u003eWater\u003c/span\u003e\u003c/p\u003e\r\n\u003c/td\u003e\r\n\u003ctd\u003e\r\n\u003cp\u003e\u003cspan style=\"font-weight: 400;\"\u003eDiluent\u003c/span\u003e\u003c/p\u003e\r\n\u003c/td\u003e\r\n\u003c/tr\u003e\r\n\u003ctr\u003e\r\n\u003ctd\u003e\r\n\u003cp\u003e\u003cspan style=\"font-weight: 400;\"\u003eEthoxydiglycol\u003c/span\u003e\u003c/p\u003e\r\n\u003c/td\u003e\r\n\u003ctd\u003e\r\n\u003cp\u003e\u003cspan style=\"font-weight: 400;\"\u003eSynthetic\u003c/span\u003e\u003c/p\u003e\r\n\u003c/td\u003e\r\n\u003ctd\u003e\r\n\u003cp\u003e\u003cspan style=\"font-weight: 400;\"\u003eLab-Synthesized\u003c/span\u003e\u003c/p\u003e\r\n\u003c/td\u003e\r\n\u003ctd\u003e\r\n\u003cp\u003e\u003cspan style=\"font-weight: 400;\"\u003ePenetration Enhancer\u003c/span\u003e\u003c/p\u003e\r\n\u003c/td\u003e\r\n\u003c/tr\u003e\r\n\u003ctr\u003e\r\n\u003ctd\u003e\u003cbr /\u003e\r\n\u003cp\u003e\u003cspan style=\"font-weight: 400;\"\u003eEthyl Ascorbic Acid (Vitamin\u003c/span\u003e\u003c/p\u003e\r\n\u003cp\u003e\u003cspan style=\"font-weight: 400;\"\u003eC)\u003c/span\u003e\u003c/p\u003e\r\n\u003c/td\u003e\r\n\u003ctd\u003e\r\n\u003cp\u003e\u003cspan style=\"font-weight: 400;\"\u003eSynthetic\u003c/span\u003e\u003c/p\u003e\r\n\u003c/td\u003e\r\n\u003ctd\u003e\r\n\u003cp\u003e\u003cspan style=\"font-weight: 400;\"\u003eLab-Synthesized\u003c/span\u003e\u003c/p\u003e\r\n\u003c/td\u003e\r\n\u003ctd\u003e\r\n\u003cp\u003e\u003cspan style=\"font-weight: 400;\"\u003eFights Free Radicals\u003c/span\u003e\u003c/p\u003e\r\n\u003c/td\u003e\r\n\u003c/tr\u003e\r\n\u003ctr\u003e\r\n\u003ctd\u003e\r\n\u003cp\u003e\u003cspan style=\"font-weight: 400;\"\u003eNiacinamide\u003c/span\u003e\u003c/p\u003e\r\n\u003c/td\u003e\r\n\u003ctd\u003e\r\n\u003cp\u003e\u003cspan style=\"font-weight: 400;\"\u003eNatural\u003c/span\u003e\u003c/p\u003e\r\n\u003c/td\u003e\r\n\u003ctd\u003e\r\n\u003cp\u003e\u003cspan style=\"font-weight: 400;\"\u003ePlant-Based\u003c/span\u003e\u003c/p\u003e\r\n\u003c/td\u003e\r\n\u003ctd\u003e\r\n\u003cp\u003e\u003cspan style=\"font-weight: 400;\"\u003eFades Blemishes\u003c/span\u003e\u003c/p\u003e\r\n\u003c/td\u003e\r\n\u003c/tr\u003e\r\n\u003ctr\u003e\r\n\u003ctd\u003e\r\n\u003cp\u003e\u003cspan style=\"font-weight: 400;\"\u003ePropanediol\u003c/span\u003e\u003c/p\u003e\r\n\u003c/td\u003e\r\n\u003ctd\u003e\r\n\u003cp\u003e\u003cspan style=\"font-weight: 400;\"\u003eNatural\u003c/span\u003e\u003c/p\u003e\r\n\u003c/td\u003e\r\n\u003ctd\u003e\r\n\u003cp\u003e\u003cspan style=\"font-weight: 400;\"\u003eCorn\u003c/span\u003e\u003c/p\u003e\r\n\u003c/td\u003e\r\n\u003ctd\u003e\r\n\u003cp\u003e\u003cspan style=\"font-weight: 400;\"\u003epH Balancing Agent\u003c/span\u003e\u003c/p\u003e\r\n\u003c/td\u003e\r\n\u003c/tr\u003e\r\n\u003ctr\u003e\r\n\u003ctd\u003e\r\n\u003cp\u003e\u003cspan style=\"font-weight: 400;\"\u003eDimethyl Isosorbide\u003c/span\u003e\u003c/p\u003e\r\n\u003c/td\u003e\r\n\u003ctd\u003e\r\n\u003cp\u003e\u003cspan style=\"font-weight: 400;\"\u003eSynthetic\u003c/span\u003e\u003c/p\u003e\r\n\u003c/td\u003e\r\n\u003ctd\u003e\r\n\u003cp\u003e\u003cspan style=\"font-weight: 400;\"\u003eLab-Synthesized\u003c/span\u003e\u003c/p\u003e\r\n\u003c/td\u003e\r\n\u003ctd\u003e\r\n\u003cp\u003e\u003cspan style=\"font-weight: 400;\"\u003ePenetration Enhancer\u003c/span\u003e\u003c/p\u003e\r\n\u003c/td\u003e\r\n\u003c/tr\u003e\r\n\u003ctr\u003e\r\n\u003ctd\u003e\r\n\u003cp\u003e\u003cspan style=\"font-weight: 400;\"\u003ePhenoxyethanol\u003c/span\u003e\u003c/p\u003e\r\n\u003c/td\u003e\r\n\u003ctd\u003e\r\n\u003cp\u003e\u003cspan style=\"font-weight: 400;\"\u003eNatural\u003c/span\u003e\u003c/p\u003e\r\n\u003c/td\u003e\r\n\u003ctd\u003e\r\n\u003cp\u003e\u003cspan style=\"font-weight: 400;\"\u003ePlant-Based\u003c/span\u003e\u003c/p\u003e\r\n\u003c/td\u003e\r\n\u003ctd\u003e\r\n\u003cp\u003e\u003cspan style=\"font-weight: 400;\"\u003ePreservative\u003c/span\u003e\u003c/p\u003e\r\n\u003c/td\u003e\r\n\u003c/tr\u003e\r\n\u003ctr\u003e\r\n\u003ctd\u003e\r\n\u003cp\u003e\u003cspan style=\"font-weight: 400;\"\u003eEthylhexylglycerin\u003c/span\u003e\u003c/p\u003e\r\n\u003c/td\u003e\r\n\u003ctd\u003e\r\n\u003cp\u003e\u003cspan style=\"font-weight: 400;\"\u003eSynthetic\u003c/span\u003e\u003c/p\u003e\r\n\u003c/td\u003e\r\n\u003ctd\u003e\r\n\u003cp\u003e\u003cspan style=\"font-weight: 400;\"\u003eLab-Synthesized\u003c/span\u003e\u003c/p\u003e\r\n\u003c/td\u003e\r\n\u003ctd\u003e\r\n\u003cp\u003e\u003cspan style=\"font-weight: 400;\"\u003eSkin Softening Agent\u003c/span\u003e\u003c/p\u003e\r\n\u003c/td\u003e\r\n\u003c/tr\u003e\r\n\u003ctr\u003e\r\n\u003ctd\u003e\r\n\u003cp\u003e\u003cspan style=\"font-weight: 400;\"\u003eGinkgo Biloba\u003c/span\u003e\u003c/p\u003e\r\n\u003cp\u003e\u003cspan style=\"font-weight: 400;\"\u003eExtract\u003c/span\u003e\u003c/p\u003e\r\n\u003c/td\u003e\r\n\u003ctd\u003e\r\n\u003cp\u003e\u003cspan style=\"font-weight: 400;\"\u003eNatural\u003c/span\u003e\u003c/p\u003e\r\n\u003c/td\u003e\r\n\u003ctd\u003e\r\n\u003cp\u003e\u003cspan style=\"font-weight: 400;\"\u003ePlant-Based\u003c/span\u003e\u003c/p\u003e\r\n\u003c/td\u003e\r\n\u003ctd\u003e\r\n\u003cp\u003e\u003cspan style=\"font-weight: 400;\"\u003eSoothes Skin\u003c/span\u003e\u003c/p\u003e\r\n\u003c/td\u003e\r\n\u003c/tr\u003e\r\n\u003ctr\u003e\r\n\u003ctd\u003e\r\n\u003cp\u003e\u003cspan style=\"font-weight: 400;\"\u003eCitrus Limon Fruit Extract\u003c/span\u003e\u003c/p\u003e\r\n\u003c/td\u003e\r\n\u003ctd\u003e\r\n\u003cp\u003e\u003cspan style=\"font-weight: 400;\"\u003eNatural\u003c/span\u003e\u003c/p\u003e\r\n\u003c/td\u003e\r\n\u003ctd\u003e\r\n\u003cp\u003e\u003cspan style=\"font-weight: 400;\"\u003ePlant-Based\u003c/span\u003e\u003c/p\u003e\r\n\u003c/td\u003e\r\n\u003ctd\u003e\r\n\u003cp\u003e\u003cspan style=\"font-weight: 400;\"\u003eAntioxidant\u003c/span\u003e\u003c/p\u003e\r\n\u003c/td\u003e\r\n\u003c/tr\u003e\r\n\u003ctr\u003e\r\n\u003ctd\u003e\r\n\u003cp\u003e\u003cspan style=\"font-weight: 400;\"\u003eTurmeric Extract\u003c/span\u003e\u003c/p\u003e\r\n\u003c/td\u003e\r\n\u003ctd\u003e\r\n\u003cp\u003e\u003cspan style=\"font-weight: 400;\"\u003eNatural\u003c/span\u003e\u003c/p\u003e\r\n\u003c/td\u003e\r\n\u003ctd\u003e\r\n\u003cp\u003e\u003cspan style=\"font-weight: 400;\"\u003ePlant-Based\u003c/span\u003e\u003c/p\u003e\r\n\u003c/td\u003e\r\n\u003ctd\u003e\r\n\u003cp\u003e\u003cspan style=\"font-weight: 400;\"\u003eAntioxidant\u003c/span\u003e\u003c/p\u003e\r\n\u003c/td\u003e\r\n\u003c/tr\u003e\r\n\u003ctr\u003e\r\n\u003ctd\u003e\r\n\u003cp\u003e\u003cspan style=\"font-weight: 400;\"\u003eTangerine Peel Extract\u003c/span\u003e\u003c/p\u003e\r\n\u003c/td\u003e\r\n\u003ctd\u003e\r\n\u003cp\u003e\u003cspan style=\"font-weight: 400;\"\u003eNatural\u003c/span\u003e\u003c/p\u003e\r\n\u003c/td\u003e\r\n\u003ctd\u003e\r\n\u003cp\u003e\u003cspan style=\"font-weight: 400;\"\u003ePlant-Based\u003c/span\u003e\u003c/p\u003e\r\n\u003c/td\u003e\r\n\u003ctd\u003e\r\n\u003cp\u003e\u003cspan style=\"font-weight: 400;\"\u003eBoosts Collagen Production\u003c/span\u003e\u003c/p\u003e\r\n\u003c/td\u003e\r\n\u003c/tr\u003e\r\n\u003ctr\u003e\r\n\u003ctd\u003e\r\n\u003cp\u003e\u003cspan style=\"font-weight: 400;\"\u003eSodium Hyaluronate\u003c/span\u003e\u003c/p\u003e\r\n\u003c/td\u003e\r\n\u003ctd\u003e\r\n\u003cp\u003e\u003cspan style=\"font-weight: 400;\"\u003eSynthetic\u003c/span\u003e\u003c/p\u003e\r\n\u003c/td\u003e\r\n\u003ctd\u003e\r\n\u003cp\u003e\u003cspan style=\"font-weight: 400;\"\u003eLab-Synthesized\u003c/span\u003e\u003c/p\u003e\r\n\u003c/td\u003e\r\n\u003ctd\u003e\r\n\u003cp\u003e\u003cspan style=\"font-weight: 400;\"\u003eMoisturizing Agent\u003c/span\u003e\u003c/p\u003e\r\n\u003c/td\u003e\r\n\u003c/tr\u003e\r\n\u003ctr\u003e\r\n\u003ctd\u003e\r\n\u003cp\u003e\u003cspan style=\"font-weight: 400;\"\u003eXanthan Gum\u003c/span\u003e\u003c/p\u003e\r\n\u003c/td\u003e\r\n\u003ctd\u003e\r\n\u003cp\u003e\u003cspan style=\"font-weight: 400;\"\u003eSynthetic\u003c/span\u003e\u003c/p\u003e\r\n\u003c/td\u003e\r\n\u003ctd\u003e\r\n\u003cp\u003e\u003cspan style=\"font-weight: 400;\"\u003eLab-Synthesized\u003c/span\u003e\u003c/p\u003e\r\n\u003c/td\u003e\r\n\u003ctd\u003e\r\n\u003cp\u003e\u003cspan style=\"font-weight: 400;\"\u003eThickening Agent\u003c/span\u003e\u003c/p\u003e\r\n\u003c/td\u003e\r\n\u003c/tr\u003e\r\n\u003ctr\u003e\r\n\u003ctd\u003e\r\n\u003cp\u003e\u003cspan style=\"font-weight: 400;\"\u003eButylene Glycol\u003c/span\u003e\u003c/p\u003e\r\n\u003c/td\u003e\r\n\u003ctd\u003e\r\n\u003cp\u003e\u003cspan style=\"font-weight: 400;\"\u003eNatural\u003c/span\u003e\u003c/p\u003e\r\n\u003c/td\u003e\r\n\u003ctd\u003e\r\n\u003cp\u003e\u003cspan style=\"font-weight: 400;\"\u003ePlant-Based\u003c/span\u003e\u003c/p\u003e\r\n\u003c/td\u003e\r\n\u003ctd\u003e\r\n\u003cp\u003e\u003cspan style=\"font-weight: 400;\"\u003eHumectant\u003c/span\u003e\u003c/p\u003e\r\n\u003c/td\u003e\r\n\u003c/tr\u003e\r\n\u003ctr\u003e\r\n\u003ctd\u003e\r\n\u003cp\u003e\u003cspan style=\"font-weight: 400;\"\u003eSophora\u003c/span\u003e\u003c/p\u003e\r\n\u003cp\u003e\u003cspan style=\"font-weight: 400;\"\u003eFlavescens Root Extract\u003c/span\u003e\u003c/p\u003e\r\n\u003c/td\u003e\r\n\u003ctd\u003e\r\n\u003cp\u003e\u003cspan style=\"font-weight: 400;\"\u003eNatural\u003c/span\u003e\u003c/p\u003e\r\n\u003c/td\u003e\r\n\u003ctd\u003e\r\n\u003cp\u003e\u003cspan style=\"font-weight: 400;\"\u003ePlant-Based\u003c/span\u003e\u003c/p\u003e\r\n\u003c/td\u003e\r\n\u003ctd\u003e\r\n\u003cp\u003e\u003cspan style=\"font-weight: 400;\"\u003eBrightening Agent\u003c/span\u003e\u003c/p\u003e\r\n\u003c/td\u003e\r\n\u003c/tr\u003e\r\n\u003ctr\u003e\r\n\u003ctd\u003e\r\n\u003cp\u003e\u003cspan style=\"font-weight: 400;\"\u003eGlycyrrhiza Inflata Root\u003c/span\u003e\u003c/p\u003e\r\n\u003cp\u003e\u003cspan style=\"font-weight: 400;\"\u003eExtract\u003c/span\u003e\u003c/p\u003e\r\n\u003c/td\u003e\r\n\u003ctd\u003e\r\n\u003cp\u003e\u003cspan style=\"font-weight: 400;\"\u003eNatural\u003c/span\u003e\u003c/p\u003e\r\n\u003c/td\u003e\r\n\u003ctd\u003e\r\n\u003cp\u003e\u003cspan style=\"font-weight: 400;\"\u003ePlant-Based\u003c/span\u003e\u003c/p\u003e\r\n\u003c/td\u003e\r\n\u003ctd\u003e\r\n\u003cp\u003e\u003cspan style=\"font-weight: 400;\"\u003eBrightening Agent\u003c/span\u003e\u003c/p\u003e\r\n\u003c/td\u003e\r\n\u003c/tr\u003e\r\n\u003ctr\u003e\r\n\u003ctd\u003e\r\n\u003cp\u003e\u003cspan style=\"font-weight: 400;\"\u003eScutellaria Baicalensis Root Extract\u003c/span\u003e\u003c/p\u003e\r\n\u003c/td\u003e\r\n\u003ctd\u003e\r\n\u003cp\u003e\u003cspan style=\"font-weight: 400;\"\u003eNatural\u003c/span\u003e\u003c/p\u003e\r\n\u003c/td\u003e\r\n\u003ctd\u003e\r\n\u003cp\u003e\u003cspan style=\"font-weight: 400;\"\u003ePlant-Based\u003c/span\u003e\u003c/p\u003e\r\n\u003c/td\u003e\r\n\u003ctd\u003e\r\n\u003cp\u003e\u003cspan style=\"font-weight: 400;\"\u003eFights Free Radicals\u003c/span\u003e\u003c/p\u003e\r\n\u003c/td\u003e\r\n\u003c/tr\u003e\r\n\u003ctr\u003e\r\n\u003ctd\u003e\r\n\u003cp\u003e\u003cspan style=\"font-weight: 400;\"\u003eDisodium EDTA\u003c/span\u003e\u003c/p\u003e\r\n\u003c/td\u003e\r\n\u003ctd\u003e\r\n\u003cp\u003e\u003cspan style=\"font-weight: 400;\"\u003eSynthetic\u003c/span\u003e\u003c/p\u003e\r\n\u003c/td\u003e\r\n\u003ctd\u003e\r\n\u003cp\u003e\u003cspan style=\"font-weight: 400;\"\u003eLab-Synthesized\u003c/span\u003e\u003c/p\u003e\r\n\u003c/td\u003e\r\n\u003ctd\u003e\r\n\u003cp\u003e\u003cspan style=\"font-weight: 400;\"\u003ePreservative\u003c/span\u003e\u003c/p\u003e\r\n\u003c/td\u003e\r\n\u003c/tr\u003e\r\n\u003ctr\u003e\r\n\u003ctd\u003e\r\n\u003cp\u003e\u003cspan style=\"font-weight: 400;\"\u003eAllantoin\u003c/span\u003e\u003c/p\u003e\r\n\u003c/td\u003e\r\n\u003ctd\u003e\r\n\u003cp\u003e\u003cspan style=\"font-weight: 400;\"\u003eSynthetic\u003c/span\u003e\u003c/p\u003e\r\n\u003c/td\u003e\r\n\u003ctd\u003e\r\n\u003cp\u003e\u003cspan style=\"font-weight: 400;\"\u003eLab-Synthesized\u003c/span\u003e\u003c/p\u003e\r\n\u003c/td\u003e\r\n\u003ctd\u003e\r\n\u003cp\u003e\u003cspan style=\"font-weight: 400;\"\u003eMoisturizer\u003c/span\u003e\u003c/p\u003e\r\n\u003c/td\u003e\r\n\u003c/tr\u003e\r\n\u003c/tbody\u003e\r\n\u003c/table\u003e"},{"attribute_code":"attribute_value_7","value":"\u003cdiv id=\"faqs\"\u003e\r\n\u003cp\u003eCan I Use This Mamaearth C Glow Serum at Night?\u003c/p\u003e\r\n\u003cp\u003eYes, you can use it at any time of the day.\u003c/p\u003e\r\n\u003cp\u003eWill This Serum Help Fade My Acne Marks?\u003c/p\u003e\r\n\u003cp\u003eYes. Formulated with 5% Vitamin C \u0026amp; 5% Niacinamide, the Vitamin C Glow Serum fades dark spots and gives you clear and bright skin.\u003c/p\u003e\r\n\u003cp\u003eCan Men Use It?\u003c/p\u003e\r\n\u003cp\u003eAbsolutely! The Vitamin C Daily Glow Face Serum can be used by everyone above the age of 18 years.\u003c/p\u003e\r\n\u003cp\u003eWill This Serum Suit Oily Skin?\u003c/p\u003e\r\n\u003cp\u003eYes, the Vitamin C Daily Glow Face Serum has a lightweight formulation that absorbs quickly into the skin to give you an oil-free glow\u003c/p\u003e\r\n\u003cp\u003eWhat are the ingredients of Vitamin C Glow Serum?\u003c/p\u003e\r\n\u003cp\u003eThis Vitamin C Glow Face Serum contains the goodness of Vitamin C, Turmeric, Tangerine, and Niacinamide. These ingredients are known for their glow-boosting qualities that help revive the skin's natural glow and improve its texture. Our Vitamin C Glow Face Serum contains 50 times more Vitamin C than our Daily Glow Face Cream. Using it regularly helps make the skin brighter and naturally radiant.\u003c/p\u003e\r\n\u003cp\u003eCan I use this glow brightening serum with vitamin C daily?\u003c/p\u003e\r\n\u003cp\u003eYes, you can. This glow-brightening serum with vitamin C is designed to be used daily. It comes enriched with the goodness of brightening and nourishing agents that work on dullness and help with dark spots and dryness. So, to get positive results, you should use it regularly after cleaning your face.\u003c/p\u003e\r\n\u003cp\u003eHow to use Daily Glow Face Serum?\u003c/p\u003e\r\n\u003cp\u003eHere's how you can use this Vitamin C Daily Face Serum: First, wash off the dirt trapped in the pores using a sulfate-free face wash. Now, take an adequate amount of product and apply it to your face while it is damp. Next, massage it upward (on your face and neck) to let it get absorbed into the skin. Finally, lock in the nourishment of the serum with a thick layer of moisturizer and complete the process with a layer of sunscreen.\u003c/p\u003e\r\n\u003cp\u003eWhat are the benefits of using Vitamin C Glow Serum?\u003c/p\u003e\r\n\u003cp\u003eThis Glow Vitamin C Serum helps boost the skin's natural radiance and reduce dullness and spots. It features Turmeric, Vitamin C, Niacinamide, and Tangerine. These ingredients fight free radical damage, promote collagen production, and improve the skin's elasticity. Using this toxin-free serum regularly helps brighten the skin's complexion and unlock the skin's natural glow.\u003c/p\u003e\r\n\u003cp\u003eWhat is the daily glow serum price in India?\u003c/p\u003e\r\n\u003cp\u003eThe price of daily glow face serum is usually around Rs 399 for 30 ml.\u003c/p\u003e\r\n\u003cp\u003eCan I use glow serum every day?\u003c/p\u003e\r\n\u003cp\u003eYes. A glow serum has potent and nourishing ingredients that make the skin look happier and healthier with every use. It should not feel sticky after application and make the skin look visibly radiant. In this light, we recommend Mamaearth Vitamin C Daily Glow Face Serum. This glow serum is enriched with safe and natural ingredients, such as Vitamin C, Niacinamide, Tangerine, and Turmeric. These ingredients are safe for daily use and assist in achieving brighter and healthier skin, which targets skin dullness and other signs of aging.\u003c/p\u003e\r\n\u003cp\u003eWhich serum is best for glowing skin?\u003c/p\u003e\r\n\u003cp\u003eIf you’re looking for the best serum for your skin and want glowing skin, select one with natural skin-brightening ingredients, such as Vitamin C, Niacinamide, Tangerine, and Turmeric. These ingredients are quite effective in treating skin dullness and aging signs, boosting collagen production, and enhancing the skin’s elasticity, leaving your skin with a natural and youthful glow. In this light, we recommend Mamaearth Vitamin C Daily Glow Face Serum. It has the innate goodness of nourishing ingredients like Vitamin C and helps achieve brighter and healthier skin with every use. It is also free from harmful toxins and is MadeSafe Certified.\u003c/p\u003e\r\n\u003cp\u003eWhat does a glow serum do?\u003c/p\u003e\r\n\u003cp\u003eIdeally, a glow serum for the face addresses various skincare concerns and imparts a youthful and natural glow to the skin. But Mamaearth Vitamin C Daily Glow Serum does even more. It is backed by Vitamin C, Niacinamide, Turmeric, and Tangerine, which helps achieve a healthy, youthful, and natural glow. It helps fight free radical damage, boosts collagen production, enhances the skin’s elasticity, and improves skin texture, leaving you with radiant \u0026amp; healthy skin.\u003c/p\u003e\r\n\u003cp\u003eWhen can I use glow serum?\u003c/p\u003e\r\n\u003cp\u003eYou can use it at any time of the day. But do remember to cleanse your face before applying a glow serum on the face.\u003c/p\u003e\r\n\u003c/div\u003e"},{"attribute_code":"tag_keywords","value":"Daily Glow Serum,Face Serum,5% Vitamin C ,50X Vitamin C ,Glow,Natural Glow,Glowing Skin,Radiant Skin,Vitamin C ,Antioxidants,Turmeric,Niacinamide,Non-Sticky,Non-Greasy\r\n"},{"attribute_code":"meta_keyword","value":"mamaearth c glow serum, daily glow serum, face serum,5% vitamin c ,50x vitamin c, glow, natural glow, glowing skin, radiant skin, vitamin c, antioxidants, turmeric, niacinamide, non-sticky, non-greasy"},{"attribute_code":"special_from_date","value":"2023-10-19 17:48:00"}],"hide_in_front":0,"image":"/v/i/vitamin-c-glow-serum_1.jpg","is_in_stock":true,"name":"Vitamin C Daily Glow Face Serum With Vitamin C \u0026 Turmeric for Radiant Skin - 30 ml","position":"2","price":"399.00","product_card_tags":"Enriched with 50X Vitamin C* | Brightens Skin","review_count":130,"siblings":[{"id":778,"sku":"8904417306033","name":"Vitamin C Daily Glow Face Serum 10 ml","url_key":"vitamin-c-daily-glow-face-serum-10-ml","price":"225.00","is_in_stock":true,"custom_attributes":[{"attribute_code":"saving_scheme","value":"price_per_100_ml"},{"attribute_code":"volume","value":"10"}],"special_price":"","parent_id":894,"attribute_id":246,"option_id":172,"parent_sku":"230089","attribute_label":"Vitamin c daily glow cream","title":"10ml","swatch_data":{"swatch_id":185,"option_id":172,"store_id":1,"type":0,"value":"10ml"},"special_from_date":{"date":"2023-10-19 23:17:00","timezone_type":3,"timezone":"Asia/Kolkata"}}],"sku":"8904417305838","special_price":"","special_price_from_date":{"date":"2023-10-19 23:18:00","timezone_type":3,"timezone":"Asia/Kolkata"},"tags":"Low Stock Alert!","url_key":"vitamin-c-daily-glow-face-serum-with-vitamin-c-turmeric-for-radiant-skin-30-ml","imageAltTags":["vitamin c daily glow face serum","glow face serum","mamaearth vitamin c daily glow face serum benefits","mamaearth vitamin c daily glow face serum ingredients","mamaearth vitamin c daily glow face serum","mamaearth vitamin c daily glow face serum use","mamaearth vitamin c daily glow face serum kit","vitamin c glow face serum"],"product_subtitle_keys":["Buy 1 Get 1 FREE"," Face Serum"," Vitamin C"],"size":"30ml","unitPrice":"13.30/ml","old_productid":"861","generic_name":null},{"id":861,"tier_prices":[],"avg_rating_percent":99,"categories":[2,21,51,128,130,131,132,18,102,31,309,134,333,337,355,358,129,133,391,381,52,372],"created_at":"2023-04-03 11:38:14","custom_attributes":[{"attribute_code":"manufacturer","value":"Indo Herbal Products, Unit - 2, Plot No. 28-29, Sector 1B, IIE, Sidcul, Ranipur, Haridwar, 249403"},{"attribute_code":"meta_title","value":"B1G1 Free on Multani Mitti Face Wash for Acne-100ml"},{"attribute_code":"meta_description","value":"Buy 1 Get 1 Free on Mamaearth Multani Mitti Face Wash with multani mitti. It is a natural cleanser which absorbs excess oil and prevents acne. Code: OMG"},{"attribute_code":"image","value":"/m/u/multani_mitti_face_wash_1.jpg"},{"attribute_code":"small_image","value":"/m/u/multani_mitti_face_wash_1.jpg"},{"attribute_code":"thumbnail","value":"/m/u/multani_mitti_face_wash_1.jpg"},{"attribute_code":"options_container","value":"container2"},{"attribute_code":"small_image_label","value":"Multani Mitti Face Wash"},{"attribute_code":"thumbnail_label","value":"Multani Mitti Face Wash"},{"attribute_code":"country_of_manufacture","value":"IN"},{"attribute_code":"url_key","value":"multani-mitti-face-wash-with-multani-mitti-bulgarian-rose-for-oil-control-acne-100-ml"},{"attribute_code":"msrp_display_actual_price_type","value":"0"},{"attribute_code":"gift_message_available","value":"2"},{"attribute_code":"swatch_image","value":"/m/u/multani_mitti_face_wash_1.jpg"},{"attribute_code":"attribute_label_1","value":"About Mamaearth Multani Mitti Face Wash"},{"attribute_code":"attribute_label_2","value":"Key Ingredients"},{"attribute_code":"attribute_label_3","value":"How to Use"},{"attribute_code":"attribute_label_4","value":"Who can Use"},{"attribute_code":"attribute_label_5","value":"Why Mamaearth"},{"attribute_code":"attribute_label_6","value":"Ingredient List"},{"attribute_code":"attribute_label_7","value":"FAQS"},{"attribute_code":"best_before","value":"24 Months"},{"attribute_code":"dimensions","value":"10 * 5 * 5 cm"},{"attribute_code":"ean_code","value":"8904417306439"},{"attribute_code":"mrp","value":"259"},{"attribute_code":"old_productid","value":"1000"},{"attribute_code":"tags","value":"best-seller"},{"attribute_code":"marketed_by","value":"Honasa Consumer Limited, 10th and 11th Floor, Capital Cyberscape, Sector 59, Gurugram, Haryana, 122101"},{"attribute_code":"live_url","value":"https://mamaearth.in/product/multani-mitti-face-wash-with-multani-mitti-bulgarian-rose-for-oil-control-acne-100-ml"},{"attribute_code":"license_no","value":"20/C/U.A/2010"},{"attribute_code":"length","value":"10"},{"attribute_code":"google_category","value":"2915"},{"attribute_code":"cms_sequence","value":"1,2,3,4,5,6,7,8"},{"attribute_code":"width","value":"5"},{"attribute_code":"height","value":"5"},{"attribute_code":"breadcrumb_category","value":"51","title":"Best Face Wash for Men \u0026 Women ","url_key":"face-wash"},{"attribute_code":"brand","value":"4"},{"attribute_code":"product_card_tags","value":"Controls Oil \u0026 Acne | Promotes Hydration"},{"attribute_code":"saving_scheme","value":"price_per_100_ml"},{"attribute_code":"product_subtitle_keys","value":"Buy 1 Get 1 FREE, Bestseller, Facewash"},{"attribute_code":"is_suitable_for_skin_type","value":"466","label":"oily"},{"attribute_code":"skin_goals","value":"469,470,471","label":"bright skin, even skin tone, cleansing"},{"attribute_code":"tax_class_id","value":"2"},{"attribute_code":"create_scarcity","value":"0"},{"attribute_code":"hide_product_infront","value":"0"},{"attribute_code":"show_in_feed","value":"1"},{"attribute_code":"base_category","value":"86"},{"attribute_code":"base_sub_category","value":"65"},{"attribute_code":"show_price_per_unit","value":"1"},{"attribute_code":"volume","value":"100"},{"attribute_code":"enable_fbt_popup","value":"0"},{"attribute_code":"mm_face_wash","value":"495"},{"attribute_code":"strikethrough","value":"1"},{"attribute_code":"short_description","value":"\u003cp\u003eWant the goodness of Multani Mitti in your skincare but without the hassle of mixing \u0026amp; waiting? We heard you! Meet Mamaearth \u003cstrong\u003eMultani Mitti Face Wash\u003c/strong\u003e which brings your favorite age-old skincare remedy for acne \u0026amp; oil control in an easy-to-use daily face wash. \u003cbr /\u003eCrafted with the goodness of Multani Mitti, the face wash gently cleanses your skin, removes excess oil \u0026amp; prevents acne. What’s great is that the face wash doesn’t dry the skin either. Infused with the goodness of Bulgarian Rose, the face wash hydrates your skin deeply. \u003cbr /\u003eEnriched with Niacinamide \u0026amp; Vitamin E, it also evens skin tone, controls oil production without leaving your skin dry or stretchy. The result? Clean, clear \u0026amp; hydrated skin minus the oil. But wait there’s more! Mamaearth Face Wash is also Made Safe Certified, which means it is free of toxins and harmful chemicals.\u003c/p\u003e"},{"attribute_code":"meta_keyword","value":"Daily Face Wash, Face Cleanser, Clay Based Face Wash, Multani Mitti Face Wash, Hydration, Face Care, Moisturizing, Non-Drying, Multani Mitti, Vitamin E, Bulgarian Rose, Acne, Pimples, Healthy, Skin, Cleanser , Rose, Hydrating Face Wash, Acne Face Wash, Face Wash for Pimples, Pimple-Free, Natural, Safe, mama earth multani mitti,\r\nmamaearth multani mitti, mamaearth multani mitti face wash, multani mitti mamaearth"},{"attribute_code":"attribute_value_1","value":"\u003cdiv class=\"list-banner\"\u003e\u003cimg loading=\"lazy\" src=\"https://images.mamaearth.in/wysiwyg/3-4-23/A%2B.jpg\" alt=\"Multani mitti face wash benefits\" width=\"973\" height=\"3100\" /\u003e\r\n\u003cp style=\"text-align: center;\"\u003eFace Wash\u003c/p\u003e\r\n\u003c/div\u003e"},{"attribute_code":"attribute_value_2","value":"\u003cdiv\u003e\r\n  \u003cul class=\"woodmart-list\"\u003e\r\n    \u003cli\u003e\r\n      \u003cdiv class=\"list-icon\"\u003e\r\n        \u003cimg\r\n          src=\"https://images.mamaearth.in/wysiwyg/3-4-23/1.jpg\"\r\n          alt=\"Multani Mitti\"\r\n        /\u003e\r\n      \u003c/div\u003e\r\n      \u003cspan class=\"list-content\" style=\"text-align: justify\"\r\n        \u003e\u003cstrong\u003eMultani Mitti: \u003c/strong\u003eAn age-old natural cleanser, it helps\r\n        absorb excess oil and prevents acne.\r\n      \u003c/span\u003e\r\n    \u003c/li\u003e\r\n\r\n    \u003cli\u003e\r\n      \u003cdiv class=\"list-icon\"\u003e\r\n        \u003cimg\r\n          src=\"https://images.mamaearth.in/wysiwyg/3-4-23/2.jpg\"\r\n          alt=\"Bulgarian Rose\"\r\n        /\u003e\r\n      \u003c/div\u003e\r\n      \u003cspan class=\"list-content\" style=\"text-align: justify\"\r\n        \u003e\u003cstrong\u003eBulgarian Rose : \u003c/strong\u003eLoaded with antibacterial and\r\n        anti-inflammatory properties, it hydrates your skin deeply.\r\n      \u003c/span\u003e\r\n    \u003c/li\u003e\r\n    \u003cli\u003e\r\n      \u003cdiv class=\"list-icon\"\u003e\r\n        \u003cimg\r\n          src=\"https://images.mamaearth.in/wysiwyg/3-4-23/3.jpg\"\r\n          alt=\"Niacinamide\"\r\n        /\u003e\r\n      \u003c/div\u003e\r\n      \u003cspan class=\"list-content\" style=\"text-align: justify\"\r\n        \u003e\u003cstrong\u003eNiacinamide : \u003c/strong\u003eAn active form of Vitamin B3, it evens\r\n        the skin tone and controls oil production.\r\n      \u003c/span\u003e\r\n    \u003c/li\u003e\r\n    \u003cli\u003e\r\n      \u003cdiv class=\"list-icon\"\u003e\r\n        \u003cimg\r\n          src=\"https://images.mamaearth.in/wysiwyg/3-4-23/4.jpg\"\r\n          alt=\"Vitamin E\"\r\n        /\u003e\r\n      \u003c/div\u003e\r\n      \u003cspan class=\"list-content\" style=\"text-align: justify\"\r\n        \u003e\u003cstrong\u003eVitamin E : \u003c/strong\u003eIt nourishes and moisturizes the skin.\r\n      \u003c/span\u003e\r\n    \u003c/li\u003e\r\n  \u003c/ul\u003e\r\n\u003c/div\u003e\r\n"},{"attribute_code":"attribute_value_3","value":"\u003cul\u003e\r\n\u003cli\u003e\u003cspan class=\"list-content\"\u003e\u003cstrong\u003eStep 1 : \u003c/strong\u003eApply a small amount \u0026 gently massage on your damp face.\u003c/span\u003e\u003c/li\u003e\r\n\u003cli\u003e\u003cspan class=\"list-content\"\u003e\u003cstrong\u003eStep 2 : \u003c/strong\u003eConcentrate on the forehead, nose \u0026 chin.\u003c/span\u003e\u003c/li\u003e\r\n\u003cli\u003e\u003cspan class=\"list-content\"\u003e\u003cstrong\u003eStep 3 : \u003c/strong\u003eRinse off \u0026 pat dry.\u003c/span\u003e\u003c/li\u003e\r\n\u003c/ul\u003e"},{"attribute_code":"attribute_value_4","value":"\u003cul style=\"list-style: disc; padding-left: 1em;\"\u003e\r\n\u003cli\u003e\u003cspan class=\"list-content\"\u003eEveryone above the age of 18 years can use this\u003c/span\u003e\u003c/li\u003e\r\n\u003cli\u003e\u003cspan class=\"list-content\"\u003eThe face wash is suitable for all skin types\u003c/span\u003e\u003c/li\u003e\r\n\u003c/ul\u003e"},{"attribute_code":"attribute_value_5","value":"\u003cul class=\"compare-list\"\u003e\r\n\u003cli\u003e\r\n\u003cdiv class=\"compare-content\"\u003e\r\n\u003cul\u003e\r\n\u003cli\u003eControls Oil \u0026amp; Acne\u003c/li\u003e\r\n\u003cli\u003eBoosts Hydration\u003c/li\u003e\r\n\u003cli\u003eGently Cleanses\u003c/li\u003e\r\n\u003cli\u003eSuitable For All Skin Types\u003c/li\u003e\r\n\u003cli\u003eDermatologically Tested\u003c/li\u003e\r\n\u003cli\u003eMade Safe Certified\u003c/li\u003e\r\n\u003c/ul\u003e\r\n\u003c/div\u003e\r\n\u003c/li\u003e\r\n\u003cli\u003e\r\n\u003cdiv class=\"compare-content\"\u003e\r\n\u003cul\u003e\r\n\u003cli\u003eDoesn’t Remove Excess Oil \u0026 No Effect On Acne\u003c/li\u003e\u003cli\u003e\r\nDoesn’t Hydrate Skin\u003c/li\u003e\u003cli\u003e\r\nHarsh  on the Skin\u003c/li\u003e\u003cli\u003e\r\nNot Suitable For All Skin Types\u003c/li\u003e\u003cli\u003e\r\nNot Dermatologically Tested\u003c/li\u003e\u003cli\u003e\r\nNot Made Safe Certified\u003c/li\u003e\r\n\u003c/ul\u003e\r\n\u003c/div\u003e\r\n\u003c/li\u003e\r\n\u003c/ul\u003e"},{"attribute_code":"attribute_value_6","value":"\u003ch2\u003eMultani Mitti Face Wash Ingredient List\u003c/h2\u003e\r\n\u003ctable\u003e\r\n\u003ctbody\u003e\r\n\u003ctr\u003e\r\n\u003ctd\u003e\r\n\u003cp\u003e\u003cstrong\u003eIngredients\u003c/strong\u003e\u003c/p\u003e\r\n\u003c/td\u003e\r\n\u003ctd\u003e\r\n\u003cp\u003e\u003cstrong\u003eType\u003c/strong\u003e\u003c/p\u003e\r\n\u003c/td\u003e\r\n\u003ctd\u003e\r\n\u003cp\u003e\u003cstrong\u003eWhere Is It From?\u003c/strong\u003e\u003c/p\u003e\r\n\u003c/td\u003e\r\n\u003ctd\u003e\r\n\u003cp\u003e\u003cstrong\u003eHow It Helps?\u003c/strong\u003e\u003c/p\u003e\r\n\u003c/td\u003e\r\n\u003c/tr\u003e\r\n\u003ctr\u003e\r\n\u003ctd\u003e\r\n\u003cp\u003e\u003cspan style=\"font-weight: 400;\"\u003eMyristic Acid\u003c/span\u003e\u003c/p\u003e\r\n\u003c/td\u003e\r\n\u003ctd\u003e\r\n\u003cp\u003e\u003cspan style=\"font-weight: 400;\"\u003eNatural\u003c/span\u003e\u003c/p\u003e\r\n\u003c/td\u003e\r\n\u003ctd\u003e\r\n\u003cp\u003e\u003cspan style=\"font-weight: 400;\"\u003ePlant-based\u003c/span\u003e\u003c/p\u003e\r\n\u003c/td\u003e\r\n\u003ctd\u003e\r\n\u003cp\u003e\u003cspan style=\"font-weight: 400;\"\u003eEmollient\u003c/span\u003e\u003c/p\u003e\r\n\u003c/td\u003e\r\n\u003c/tr\u003e\r\n\u003ctr\u003e\r\n\u003ctd\u003e\r\n\u003cp\u003e\u003cspan style=\"font-weight: 400;\"\u003eGlycerin\u003c/span\u003e\u003c/p\u003e\r\n\u003c/td\u003e\r\n\u003ctd\u003e\r\n\u003cp\u003e\u003cspan style=\"font-weight: 400;\"\u003eNatural\u003c/span\u003e\u003c/p\u003e\r\n\u003c/td\u003e\r\n\u003ctd\u003e\r\n\u003cp\u003e\u003cspan style=\"font-weight: 400;\"\u003ePlant-Based\u003c/span\u003e\u003c/p\u003e\r\n\u003c/td\u003e\r\n\u003ctd\u003e\r\n\u003cp\u003e\u003cspan style=\"font-weight: 400;\"\u003eHumectant\u003c/span\u003e\u003c/p\u003e\r\n\u003c/td\u003e\r\n\u003c/tr\u003e\r\n\u003ctr\u003e\r\n\u003ctd\u003e\r\n\u003cp\u003e\u003cspan style=\"font-weight: 400;\"\u003eAqua\u003c/span\u003e\u003c/p\u003e\r\n\u003c/td\u003e\r\n\u003ctd\u003e\r\n\u003cp\u003e\u003cspan style=\"font-weight: 400;\"\u003eNatural\u003c/span\u003e\u003c/p\u003e\r\n\u003c/td\u003e\r\n\u003ctd\u003e\r\n\u003cp\u003e\u003cspan style=\"font-weight: 400;\"\u003eWater\u003c/span\u003e\u003c/p\u003e\r\n\u003c/td\u003e\r\n\u003ctd\u003e\r\n\u003cp\u003e\u003cspan style=\"font-weight: 400;\"\u003eDiluent\u003c/span\u003e\u003c/p\u003e\r\n\u003c/td\u003e\r\n\u003c/tr\u003e\r\n\u003ctr\u003e\r\n\u003ctd\u003e\r\n\u003cp\u003e\u003cspan style=\"font-weight: 400;\"\u003ePotassium Hydroxide\u003c/span\u003e\u003c/p\u003e\r\n\u003c/td\u003e\r\n\u003ctd\u003e\r\n\u003cp\u003e\u003cspan style=\"font-weight: 400;\"\u003eSynthetic\u003c/span\u003e\u003c/p\u003e\r\n\u003c/td\u003e\r\n\u003ctd\u003e\r\n\u003cp\u003e\u003cspan style=\"font-weight: 400;\"\u003eLab Synthesized\u003c/span\u003e\u003c/p\u003e\r\n\u003c/td\u003e\r\n\u003ctd\u003e\r\n\u003cp\u003e\u003cspan style=\"font-weight: 400;\"\u003epH Adjuster\u003c/span\u003e\u003c/p\u003e\r\n\u003c/td\u003e\r\n\u003c/tr\u003e\r\n\u003ctr\u003e\r\n\u003ctd\u003e\r\n\u003cp\u003e\u003cspan style=\"font-weight: 400;\"\u003eStearic Acid\u003c/span\u003e\u003c/p\u003e\r\n\u003c/td\u003e\r\n\u003ctd\u003e\r\n\u003cp\u003e\u003cspan style=\"font-weight: 400;\"\u003eNatural\u003c/span\u003e\u003c/p\u003e\r\n\u003c/td\u003e\r\n\u003ctd\u003e\r\n\u003cp\u003e\u003cspan style=\"font-weight: 400;\"\u003ePlant-Based\u003c/span\u003e\u003c/p\u003e\r\n\u003c/td\u003e\r\n\u003ctd\u003e\r\n\u003cp\u003e\u003cspan style=\"font-weight: 400;\"\u003eSurfactant \u0026amp; Emollient\u003c/span\u003e\u003c/p\u003e\r\n\u003c/td\u003e\r\n\u003c/tr\u003e\r\n\u003ctr\u003e\r\n\u003ctd\u003e\r\n\u003cp\u003e\u003cspan style=\"font-weight: 400;\"\u003ePropylene Glycol\u003c/span\u003e\u003c/p\u003e\r\n\u003c/td\u003e\r\n\u003ctd\u003e\r\n\u003cp\u003e\u003cspan style=\"font-weight: 400;\"\u003eNatural\u003c/span\u003e\u003c/p\u003e\r\n\u003c/td\u003e\r\n\u003ctd\u003e\r\n\u003cp\u003e\u003cspan style=\"font-weight: 400;\"\u003ePlant-Based\u003c/span\u003e\u003c/p\u003e\r\n\u003c/td\u003e\r\n\u003ctd\u003e\r\n\u003cp\u003e\u003cspan style=\"font-weight: 400;\"\u003eHumectant\u003c/span\u003e\u003c/p\u003e\r\n\u003c/td\u003e\r\n\u003c/tr\u003e\r\n\u003ctr\u003e\r\n\u003ctd\u003e\r\n\u003cp\u003e\u003cspan style=\"font-weight: 400;\"\u003eDecyl Glucoside\u003c/span\u003e\u003c/p\u003e\r\n\u003c/td\u003e\r\n\u003ctd\u003e\r\n\u003cp\u003e\u003cspan style=\"font-weight: 400;\"\u003eNatural\u003c/span\u003e\u003c/p\u003e\r\n\u003c/td\u003e\r\n\u003ctd\u003e\r\n\u003cp\u003e\u003cspan style=\"font-weight: 400;\"\u003ePlant-Based\u003c/span\u003e\u003c/p\u003e\r\n\u003c/td\u003e\r\n\u003ctd\u003e\r\n\u003cp\u003e\u003cspan style=\"font-weight: 400;\"\u003eSkin Nourisher\u003c/span\u003e\u003c/p\u003e\r\n\u003c/td\u003e\r\n\u003c/tr\u003e\r\n\u003ctr\u003e\r\n\u003ctd\u003e\r\n\u003cp\u003e\u003cspan style=\"font-weight: 400;\"\u003eMultani Mitti\u003c/span\u003e\u003c/p\u003e\r\n\u003c/td\u003e\r\n\u003ctd\u003e\r\n\u003cp\u003e\u003cspan style=\"font-weight: 400;\"\u003eNatural\u003c/span\u003e\u003c/p\u003e\r\n\u003c/td\u003e\r\n\u003ctd\u003e\r\n\u003cp\u003e\u003cspan style=\"font-weight: 400;\"\u003eOxides\u003c/span\u003e\u003c/p\u003e\r\n\u003c/td\u003e\r\n\u003ctd\u003e\r\n\u003cp\u003e\u003cspan style=\"font-weight: 400;\"\u003eCleanser\u003c/span\u003e\u003c/p\u003e\r\n\u003c/td\u003e\r\n\u003c/tr\u003e\r\n\u003ctr\u003e\r\n\u003ctd\u003e\r\n\u003cp\u003e\u003cspan style=\"font-weight: 400;\"\u003e Lauric Acid\u003c/span\u003e\u003c/p\u003e\r\n\u003c/td\u003e\r\n\u003ctd\u003e\r\n\u003cp\u003e\u003cspan style=\"font-weight: 400;\"\u003eNatural\u003c/span\u003e\u003c/p\u003e\r\n\u003c/td\u003e\r\n\u003ctd\u003e\r\n\u003cp\u003e\u003cspan style=\"font-weight: 400;\"\u003ePlant-Based\u003c/span\u003e\u003c/p\u003e\r\n\u003c/td\u003e\r\n\u003ctd\u003e\r\n\u003cp\u003e\u003cspan style=\"font-weight: 400;\"\u003eCombats Acne\u003c/span\u003e\u003c/p\u003e\r\n\u003c/td\u003e\r\n\u003c/tr\u003e\r\n\u003ctr\u003e\r\n\u003ctd\u003e\r\n\u003cp\u003e\u003cspan style=\"font-weight: 400;\"\u003eGlycol Distearate\u003c/span\u003e\u003c/p\u003e\r\n\u003c/td\u003e\r\n\u003ctd\u003e\r\n\u003cp\u003e\u003cspan style=\"font-weight: 400;\"\u003eSynthetic\u003c/span\u003e\u003c/p\u003e\r\n\u003c/td\u003e\r\n\u003ctd\u003e\r\n\u003cp\u003e\u003cspan style=\"font-weight: 400;\"\u003eLab Synthesized\u003c/span\u003e\u003c/p\u003e\r\n\u003c/td\u003e\r\n\u003ctd\u003e\r\n\u003cp\u003e\u003cspan style=\"font-weight: 400;\"\u003eMoisturizer\u003c/span\u003e\u003c/p\u003e\r\n\u003c/td\u003e\r\n\u003c/tr\u003e\r\n\u003ctr\u003e\r\n\u003ctd\u003e\r\n\u003cp\u003e\u003cspan style=\"font-weight: 400;\"\u003eSodium PCA\u003c/span\u003e\u003c/p\u003e\r\n\u003c/td\u003e\r\n\u003ctd\u003e\r\n\u003cp\u003e\u003cspan style=\"font-weight: 400;\"\u003eNatural\u003c/span\u003e\u003c/p\u003e\r\n\u003c/td\u003e\r\n\u003ctd\u003e\r\n\u003cp\u003e\u003cspan style=\"font-weight: 400;\"\u003ePlant-Based\u003c/span\u003e\u003c/p\u003e\r\n\u003c/td\u003e\r\n\u003ctd\u003e\r\n\u003cp\u003e\u003cspan style=\"font-weight: 400;\"\u003eHydrating Agent\u003c/span\u003e\u003c/p\u003e\r\n\u003c/td\u003e\r\n\u003c/tr\u003e\r\n\u003ctr\u003e\r\n\u003ctd\u003e\r\n\u003cp\u003e\u003cspan style=\"font-weight: 400;\"\u003eGlyceryl Stearate\u003c/span\u003e\u003c/p\u003e\r\n\u003c/td\u003e\r\n\u003ctd\u003e\r\n\u003cp\u003e\u003cspan style=\"font-weight: 400;\"\u003eNatural\u003c/span\u003e\u003c/p\u003e\r\n\u003c/td\u003e\r\n\u003ctd\u003e\r\n\u003cp\u003e\u003cspan style=\"font-weight: 400;\"\u003ePlant-based\u003c/span\u003e\u003c/p\u003e\r\n\u003c/td\u003e\r\n\u003ctd\u003e\r\n\u003cp\u003e\u003cspan style=\"font-weight: 400;\"\u003eEmulsifying and Stabilizing Agent\u003c/span\u003e\u003c/p\u003e\r\n\u003c/td\u003e\r\n\u003c/tr\u003e\r\n\u003ctr\u003e\r\n\u003ctd\u003e\r\n\u003cp\u003e\u003cspan style=\"font-weight: 400;\"\u003e Phenoxyethanol\u003c/span\u003e\u003c/p\u003e\r\n\u003c/td\u003e\r\n\u003ctd\u003e\r\n\u003cp\u003e\u003cspan style=\"font-weight: 400;\"\u003eNatural\u003c/span\u003e\u003c/p\u003e\r\n\u003c/td\u003e\r\n\u003ctd\u003e\r\n\u003cp\u003e\u003cspan style=\"font-weight: 400;\"\u003ePlant-based\u003c/span\u003e\u003c/p\u003e\r\n\u003c/td\u003e\r\n\u003ctd\u003e\r\n\u003cp\u003e\u003cspan style=\"font-weight: 400;\"\u003ePreservative\u003c/span\u003e\u003c/p\u003e\r\n\u003c/td\u003e\r\n\u003c/tr\u003e\r\n\u003ctr\u003e\r\n\u003ctd\u003e\r\n\u003cp\u003e\u003cspan style=\"font-weight: 400;\"\u003eNiacinamide\u003c/span\u003e\u003c/p\u003e\r\n\u003c/td\u003e\r\n\u003ctd\u003e\r\n\u003cp\u003e\u003cspan style=\"font-weight: 400;\"\u003eNatural\u003c/span\u003e\u003c/p\u003e\r\n\u003c/td\u003e\r\n\u003ctd\u003e\r\n\u003cp\u003e\u003cspan style=\"font-weight: 400;\"\u003ePlant-Based\u003c/span\u003e\u003c/p\u003e\r\n\u003c/td\u003e\r\n\u003ctd\u003e\r\n\u003cp\u003e\u003cspan style=\"font-weight: 400;\"\u003eSkin Nourisher\u003c/span\u003e\u003c/p\u003e\r\n\u003c/td\u003e\r\n\u003c/tr\u003e\r\n\u003ctr\u003e\r\n\u003ctd\u003e\r\n\u003cp\u003e\u003cspan style=\"font-weight: 400;\"\u003ePolyquaternium-7\u003c/span\u003e\u003c/p\u003e\r\n\u003c/td\u003e\r\n\u003ctd\u003e\r\n\u003cp\u003e\u003cspan style=\"font-weight: 400;\"\u003eSynthetic\u003c/span\u003e\u003c/p\u003e\r\n\u003c/td\u003e\r\n\u003ctd\u003e\r\n\u003cp\u003e\u003cspan style=\"font-weight: 400;\"\u003eLab Synthesized\u003c/span\u003e\u003c/p\u003e\r\n\u003c/td\u003e\r\n\u003ctd\u003e\r\n\u003cp\u003e\u003cspan style=\"font-weight: 400;\"\u003eFilm-forming Agent \u0026amp; Antistatic\u003c/span\u003e\u003c/p\u003e\r\n\u003c/td\u003e\r\n\u003c/tr\u003e\r\n\u003ctr\u003e\r\n\u003ctd\u003e\r\n\u003cp\u003e\u003cspan style=\"font-weight: 400;\"\u003eRosa Damascena Flower Extract (Bulgarian Rose)\u003c/span\u003e\u003c/p\u003e\r\n\u003c/td\u003e\r\n\u003ctd\u003e\r\n\u003cp\u003e\u003cspan style=\"font-weight: 400;\"\u003eNatural\u003c/span\u003e\u003c/p\u003e\r\n\u003c/td\u003e\r\n\u003ctd\u003e\r\n\u003cp\u003e\u003cspan style=\"font-weight: 400;\"\u003ePlant-Based\u003c/span\u003e\u003c/p\u003e\r\n\u003c/td\u003e\r\n\u003ctd\u003e\r\n\u003cp\u003e\u003cspan style=\"font-weight: 400;\"\u003eSoothes Skin\u003c/span\u003e\u003c/p\u003e\r\n\u003c/td\u003e\r\n\u003c/tr\u003e\r\n\u003ctr\u003e\r\n\u003ctd\u003e\r\n\u003cp\u003e\u003cspan style=\"font-weight: 400;\"\u003eIFRA Certified Allergen Free Fragrance\u003c/span\u003e\u003c/p\u003e\r\n\u003c/td\u003e\r\n\u003ctd\u003e\r\n\u003cp\u003e\u003cspan style=\"font-weight: 400;\"\u003eSynthetic\u003c/span\u003e\u003c/p\u003e\r\n\u003c/td\u003e\r\n\u003ctd\u003e\r\n\u003cp\u003e\u003cspan style=\"font-weight: 400;\"\u003eLab Synthesized\u003c/span\u003e\u003c/p\u003e\r\n\u003c/td\u003e\r\n\u003ctd\u003e\r\n\u003cp\u003e\u003cspan style=\"font-weight: 400;\"\u003eFragrance\u003c/span\u003e\u003c/p\u003e\r\n\u003c/td\u003e\r\n\u003c/tr\u003e\r\n\u003ctr\u003e\r\n\u003ctd\u003e\r\n\u003cp\u003e\u003cspan style=\"font-weight: 400;\"\u003eTitanium Dioxide\u003c/span\u003e\u003c/p\u003e\r\n\u003c/td\u003e\r\n\u003ctd\u003e\r\n\u003cp\u003e\u003cspan style=\"font-weight: 400;\"\u003eNatural\u003c/span\u003e\u003c/p\u003e\r\n\u003c/td\u003e\r\n\u003ctd\u003e\r\n\u003cp\u003e\u003cspan style=\"font-weight: 400;\"\u003ePlant-Based\u003c/span\u003e\u003c/p\u003e\r\n\u003c/td\u003e\r\n\u003ctd\u003e\r\n\u003cp\u003e\u003cspan style=\"font-weight: 400;\"\u003eThickening \u0026amp; Emulsifying Agent\u003c/span\u003e\u003c/p\u003e\r\n\u003c/td\u003e\r\n\u003c/tr\u003e\r\n\u003ctr\u003e\r\n\u003ctd\u003e\r\n\u003cp\u003e\u003cspan style=\"font-weight: 400;\"\u003eVitamin E\u003c/span\u003e\u003c/p\u003e\r\n\u003c/td\u003e\r\n\u003ctd\u003e\r\n\u003cp\u003e\u003cspan style=\"font-weight: 400;\"\u003eNatural\u003c/span\u003e\u003c/p\u003e\r\n\u003c/td\u003e\r\n\u003ctd\u003e\r\n\u003cp\u003e\u003cspan style=\"font-weight: 400;\"\u003ePlant-Based\u003c/span\u003e\u003c/p\u003e\r\n\u003c/td\u003e\r\n\u003ctd\u003e\r\n\u003cp\u003e\u003cspan style=\"font-weight: 400;\"\u003eAntioxidant\u003c/span\u003e\u003c/p\u003e\r\n\u003c/td\u003e\r\n\u003c/tr\u003e\r\n\u003ctr\u003e\r\n\u003ctd\u003e\r\n\u003cp\u003e\u003cspan style=\"font-weight: 400;\"\u003eButylated Hydroxytoluene \u003c/span\u003e\u003c/p\u003e\r\n\u003c/td\u003e\r\n\u003ctd\u003e\r\n\u003cp\u003e\u003cspan style=\"font-weight: 400;\"\u003eSynthetic\u003c/span\u003e\u003c/p\u003e\r\n\u003c/td\u003e\r\n\u003ctd\u003e\r\n\u003cp\u003e\u003cspan style=\"font-weight: 400;\"\u003eLab Synthesized\u003c/span\u003e\u003c/p\u003e\r\n\u003c/td\u003e\r\n\u003ctd\u003e\r\n\u003cp\u003e\u003cspan style=\"font-weight: 400;\"\u003eStabilizer\u003c/span\u003e\u003c/p\u003e\r\n\u003c/td\u003e\r\n\u003c/tr\u003e\r\n\u003ctr\u003e\r\n\u003ctd\u003e\r\n\u003cp\u003e\u003cspan style=\"font-weight: 400;\"\u003eDisodium EDTA\u003c/span\u003e\u003c/p\u003e\r\n\u003c/td\u003e\r\n\u003ctd\u003e\r\n\u003cp\u003e\u003cspan style=\"font-weight: 400;\"\u003eSynthetic\u003c/span\u003e\u003c/p\u003e\r\n\u003c/td\u003e\r\n\u003ctd\u003e\r\n\u003cp\u003e\u003cspan style=\"font-weight: 400;\"\u003eLab synthesized\u003c/span\u003e\u003c/p\u003e\r\n\u003c/td\u003e\r\n\u003ctd\u003e\r\n\u003cp\u003e\u003cspan style=\"font-weight: 400;\"\u003eBinding Agent\u003c/span\u003e\u003c/p\u003e\r\n\u003c/td\u003e\r\n\u003c/tr\u003e\r\n\u003c/tbody\u003e\r\n\u003c/table\u003e"},{"attribute_code":"attribute_value_7","value":"\u003cdiv id=\"faqs\"\u003e\r\n\u003cp\u003eCan Men Use It?\u003c/p\u003e\r\n\u003cp\u003eYes, absolutely. Mamaearth Multani Mitti Face Wash can be used by anyone above the age of 18 years.\u003c/p\u003e\r\n\u003cp\u003eWill This Work on Acne-Prone Skin?\u003c/p\u003e\r\n\u003cp\u003eYes, the Multani Mitti Face Wash is formulated with Multani Mitti \u0026amp; Bulgarian Rose which is proven to reduce acne and hydrate skin. We recommend you incorporate the Multani Mitti Range into your skincare regimen to see the desired results.\u003c/p\u003e\r\n\u003cp\u003eIs It Suitable for All Skin Types?\u003c/p\u003e\r\n\u003cp\u003eMamaearth Multani Mitti Face Wash is crafted with natural ingredients and is suitable for all skin types.\u003c/p\u003e\r\n\u003cp\u003eWill It Make My Skin Dry?\u003c/p\u003e\r\n\u003cp\u003eNo. Mamaearth Multani Mitti Face Wash contains Bulgarian Rose, which helps keep the skin hydrated and nourished.\u003c/p\u003e\r\n\u003c/div\u003e"},{"attribute_code":"tag_keywords","value":"Daily Face Wash, Face Cleanser, Clay Based Face Wash, Multani Mitti Face Wash, Hydration, Face Care, Moisturizing, Non-Drying, Multani Mitti, Vitamin E, Bulgarian Rose, Acne, Pimples, Healthy, Skin, Cleanser , Rose, Hydrating Face Wash, Acne Face Wash, Face Wash for Pimples, Pimple-Free, Natural, Safe"},{"attribute_code":"special_from_date","value":"2023-08-24 13:15:00"}],"hide_in_front":0,"image":"/m/u/multani_mitti_face_wash_1.jpg","is_in_stock":true,"name":"Multani Mitti Face Wash with Multani Mitti \u0026 Bulgarian Rose For Oil Control \u0026 Acne -  100 ml","position":"3","price":"269.00","product_card_tags":"Controls Oil \u0026 Acne | Promotes Hydration","review_count":258,"sku":"8904417306439","special_price":"","special_price_from_date":{"date":"2023-08-24 18:45:00","timezone_type":3,"timezone":"Asia/Kolkata"},"tags":"best-seller","url_key":"multani-mitti-face-wash-with-multani-mitti-bulgarian-rose-for-oil-control-acne-100-ml","imageAltTags":["Multani Mitti Face Wash","Multani Mitti Face Wash for oily skin","Mamaearth Multani Mitti Face Wash ingredients","Mamaearth Multani Mitti Face Wash Uses","Mamaearth multani mitti range","Mamaearth multani mitti face wash review","mamaearth multani mitti cleanser benefits","mamaearth multani mitti face wash for oil control"],"configurable_option":{"attribute_id":286,"option_id":495,"attribute_label":"MM_Face_Wash","title":"100 ml","swatch_data":{"swatch_id":736,"option_id":495,"store_id":1,"type":0,"value":"100 ml"}},"siblings":[{"id":1541,"sku":"8904417318746","name":"Mamaearth Multani Mitti Oil Balance Face Wash with Multani Mitti \u0026 Bulgarian Rose for Normal to Oily Skin - 150 ml","url_key":"multani-mitti-face-wash-with-multani-mitti-bulgarian-rose-for-oil-control-acne-150-ml","price":"399.00","is_in_stock":false,"custom_attributes":[{"attribute_code":"saving_scheme","value":"price_per_100_ml"},{"attribute_code":"volume","value":"150"}],"special_price":"","parent_id":1185,"attribute_id":286,"option_id":496,"parent_sku":"984928487","attribute_label":"MM_Face_Wash","title":"150 ml","swatch_data":{"swatch_id":738,"option_id":496,"store_id":1,"type":0,"value":"150 ml"},"special_from_date":{"date":"2023-08-24 18:45:00","timezone_type":3,"timezone":"Asia/Kolkata"}},{"id":972,"sku":"8904417308877","name":"Multani Mitti Face Wash with Multani Mitti \u0026 Bulgarian Rose For Oil Control \u0026 Acne -  100 ml - Pack of 2","url_key":"multani-mitti-face-wash-with-multani-mitti-bulgarian-rose-for-oil-control-acne-100-ml-pack-of-2","price":"538.00","is_in_stock":true,"custom_attributes":[{"attribute_code":"saving_scheme","value":"price_per_100_ml"},{"attribute_code":"volume","value":"200"}],"special_price":"430.00","parent_id":1185,"attribute_id":286,"option_id":497,"parent_sku":"984928487","attribute_label":"MM_Face_Wash","title":"100 ml (Pack of 2)","swatch_data":{"swatch_id":740,"option_id":497,"store_id":1,"type":0,"value":"100 ml (Pack of 2)"},"special_from_date":{"date":"2025-05-24 00:01:00","timezone_type":3,"timezone":"Asia/Kolkata"}}],"product_subtitle_keys":["Buy 1 Get 1 FREE"," Bestseller"," Facewash"],"size":"100ml","unitPrice":"2.69/ml","old_productid":"1000","generic_name":null},{"id":516,"tier_prices":[],"avg_rating_percent":95,"categories":[2,6,17,185,9,254,11,396,413,52,372],"created_at":"2022-04-22 07:39:56","custom_attributes":[{"attribute_code":"manufacturer","value":"Kapco International Ltd,Plot 11,Sector3,Parwanoo, Himachal Pradesh-173220"},{"attribute_code":"meta_title","value":"Foaming Face Wash For Kids -150 ml"},{"attribute_code":"meta_description","value":"Use Mamaearth’s Foaming Face Wash for Kids with Aloe Vera. This MadeSafe-certified face wash features a tear-free formula that soothes skin and reduces inflammation"},{"attribute_code":"image","value":"/_/f/_foaming-face-wash-for-kids_.jpg"},{"attribute_code":"small_image","value":"/_/f/_foaming-face-wash-for-kids_.jpg"},{"attribute_code":"thumbnail","value":"/_/f/_foaming-face-wash-for-kids_.jpg"},{"attribute_code":"options_container","value":"container2"},{"attribute_code":"small_image_label","value":"Foaming face wash for kids"},{"attribute_code":"thumbnail_label","value":"Foaming face wash for kids"},{"attribute_code":"country_of_manufacture","value":"IN"},{"attribute_code":"url_key","value":"mamaearth-foaming-face-wash-for-kids-with-aloe-vera-coconut-for-gentle-cleansing-150-ml"},{"attribute_code":"msrp_display_actual_price_type","value":"0"},{"attribute_code":"gift_message_available","value":"2"},{"attribute_code":"swatch_image","value":"/_/f/_foaming-face-wash-for-kids_.jpg"},{"attribute_code":"attribute_label_1","value":"Results of Foaming Facewash for Kids"},{"attribute_code":"attribute_label_2","value":"Hero Ingredients"},{"attribute_code":"attribute_label_3","value":"How to Use"},{"attribute_code":"attribute_label_4","value":"Suitable For"},{"attribute_code":"attribute_label_5","value":"Why Mamaearth "},{"attribute_code":"attribute_label_6","value":"List of Ingredients"},{"attribute_code":"attribute_label_7","value":"FAQs"},{"attribute_code":"best_before","value":"24 Months"},{"attribute_code":"dimensions","value":"10*5*5"},{"attribute_code":"mrp","value":"349"},{"attribute_code":"old_productid","value":"696"},{"attribute_code":"tags","value":"Trending"},{"attribute_code":"marketed_by","value":"Honasa Consumer Limited, 10th and 11th Floor, Capital Cyberscape, Sector 59, Gurugram, Haryana, 122101"},{"attribute_code":"live_url","value":"https://mamaearth.in/product/mamaearth-foaming-face-wash-for-kids-with-aloe-vera-coconut-for-gentle-cleansing-150-ml"},{"attribute_code":"license_no","value":"S-COS/10/19"},{"attribute_code":"length","value":"10"},{"attribute_code":"google_category","value":"2915"},{"attribute_code":"cms_sequence","value":"1,2,3,4,5,6,7,8"},{"attribute_code":"width","value":"5"},{"attribute_code":"height","value":"5"},{"attribute_code":"breadcrumb_category","value":"185","title":"Baby Face Wash","url_key":"baby-face-wash"},{"attribute_code":"custom_product_type","value":"ba_skin"},{"attribute_code":"brand","value":"4"},{"attribute_code":"product_card_tags","value":"Deeply Cleanses | Soothes Skin | Tear-Free Formula"},{"attribute_code":"saving_scheme","value":"price_per_100_ml"},{"attribute_code":"product_subtitle_keys","value":"Buy 1 Get 1 FREE"},{"attribute_code":"is_suitable_for_skin_type","value":"463","label":"sensitive"},{"attribute_code":"skin_goals","value":"471,467,468","label":"cleansing, moisturization, smooth skin"},{"attribute_code":"tax_class_id","value":"2"},{"attribute_code":"create_scarcity","value":"0"},{"attribute_code":"hide_product_infront","value":"0"},{"attribute_code":"show_in_feed","value":"1"},{"attribute_code":"base_category","value":"84"},{"attribute_code":"base_sub_category","value":"43"},{"attribute_code":"show_price_per_unit","value":"1"},{"attribute_code":"volume","value":"150"},{"attribute_code":"enable_fbt_popup","value":"0"},{"attribute_code":"enable_product_for_wa_commerce","value":"0"},{"attribute_code":"strikethrough","value":"1"},{"attribute_code":"meta_keyword","value":"foaming face wash for kids, foaming face wash for kids with aloe vera, foaming face wash for kids with tear-free, deeply cleanses foaming face wash for kids, gentle cleansing foaming face wash for kids"},{"attribute_code":"tag_keywords","value":"Foaming Face Wash,Face Wash,Aloe Vera,Coconut Oil,Natural,Refreshing,Smooth Skin,Baby,Lavender Oil,Calendula ,Kids Face Wash,Glycerin"},{"attribute_code":"short_description","value":"\u003cp\u003eHi! I’m Mamaearth Foaming Face Wash for Kids \u0026 I’m here to gently cleanse \u0026 nourish your little one's skin. With my superpowers, I wash away dirt \u0026 grime, keeping harmful bacteria at bay. \r\nI’m Made Safe Certified \u0026 contain the goodness of Aloe Vera \u0026 Coconut which provide deep moisturization \u0026 nourishment to your child’s delicate skin. Formulated with a pH-balanced, tear-free, \u0026 soap-free formula, I also bring the soothing benefits of  Calendula \u0026 Lavender. \r\nAnd because of Mamaearth’s no toxins philosophy, you won’t find any Silicones, Parabens, mineral oil \u0026 dyes. \r\n\u003c/p\u003e"},{"attribute_code":"attribute_value_1","value":"\u003cul class=\"result-list\"\u003e\r\n\u003cli\u003e\r\n\u003cdiv class=\"result-img\"\u003e\u003cimg loading=\"lazy\" src=\"https://images.mamaearth.in/wysiwyg/FFK1.png\" alt=\"Best Products for Newborn Baby that Cleanses \u0026amp; Soothes the Skin \" /\u003e\u003c/div\u003e\r\n\u003ch2\u003eCleanses \u0026amp; Soothes the Skin\u003c/h2\u003e\r\n\u003cspan class=\"result-content\" style=\"padding: 0; text-align: center;\"\u003eFoamy goodness for clean \u0026amp; soft skin. Crafted with Aloe Vera \u0026amp; Coconut, the face wash gently cleanses, soothes \u0026amp; nourishes your child’s skin. \u003c/span\u003e\u003c/li\u003e\r\n\u003cli\u003e\r\n\u003cdiv class=\"result-img\"\u003e\u003cimg loading=\"lazy\" src=\"https://images.mamaearth.in/wysiwyg/FFK2.png\" alt=\"Best Baby Products as Foaming facewash for kids Tear-free Formula\" /\u003e\u003c/div\u003e\r\n\u003ch2\u003eTear-free Formula\u003c/h2\u003e\r\n\u003cspan class=\"result-content\" style=\"padding: 0; text-align: center;\"\u003eNo more tears! With a gentle soap-free and pH-balanced formula, the face wash won’t irritate your child’s eyes. \u003c/span\u003e\u003c/li\u003e\r\n\u003cli\u003e\r\n\u003cdiv class=\"result-img\"\u003e\u003cimg loading=\"lazy\" src=\"https://images.mamaearth.in/wysiwyg/FFK3.png\" alt=\"Face wash for children with Made Safe Certified\" /\u003e\u003c/div\u003e\r\n\u003ch2\u003eMade Safe Certified\u003c/h2\u003e\r\n\u003cspan class=\"result-content\" style=\"padding: 0; text-align: center;\"\u003eMade with the finest of natural ingredients, the face wash is dermatologically tested and is Made Safe Certified. \u003c/span\u003e\u003c/li\u003e\r\n\u003c/ul\u003e"},{"attribute_code":"attribute_value_2","value":"\u003cul class=\"woodmart-list\"\u003e\r\n\u003cli\u003e\r\n\u003cdiv class=\"list-icon\"\u003e\u003cimg src=\"https://images.mamaearth.in/wysiwyg/FFK4-100x100.png\" alt=\"Mamaearth foaming facewash for kids with aloe vera\" /\u003e\u003c/div\u003e\r\n\u003cspan class=\"list-content\" style=\"text-align: justify;\"\u003e\u003cstrong\u003eAloe Vera : \u003c/strong\u003e It soothes the skin while reducing inflammation.\u003c/span\u003e\u003c/li\u003e\r\n\u003cli\u003e\r\n\u003cdiv class=\"list-icon\"\u003e\u003cimg src=\"https://images.mamaearth.in/wysiwyg/FFK5-100x100.png\" alt=\"Baby face wash with lavender oil\" /\u003e\u003c/div\u003e\r\n\u003cspan class=\"list-content\" style=\"text-align: justify;\"\u003e\u003cstrong\u003eLavender Oil : \u003c/strong\u003eIt contains anti-bacterial properties and also moisturizes the skin. \u003c/span\u003e\u003c/li\u003e\r\n\u003cli\u003e\r\n\u003cdiv class=\"list-icon\"\u003e\u003cimg src=\"https://images.mamaearth.in/wysiwyg/FFK6-100x100.png\" alt=\"Best baby face wash in india calendula oil\" /\u003e\u003c/div\u003e\r\n\u003cspan class=\"list-content\" style=\"text-align: justify;\"\u003e\u003cstrong\u003eCalendula Oil : \u003c/strong\u003eWith anti-fungal and anti-bacterial properties it reduces dryness and soothes skin.\u003c/span\u003e\u003c/li\u003e\r\n\u003cli\u003e\r\n\u003cdiv class=\"list-icon\"\u003e\u003cimg src=\"https://images.mamaearth.in/wysiwyg/21-03-22/conditioner/ingredient-4.jpg\" alt=\"Baby face wash calendula oil\" /\u003e\u003c/div\u003e\r\n\u003cspan class=\"list-content\" style=\"text-align: justify;\"\u003e\u003cstrong\u003eCoconut Oil : \u003c/strong\u003e It locks in the moisture \u0026amp; keeps the skin hydrated.\u003c/span\u003e\u003c/li\u003e\r\n\u003c/ul\u003e"},{"attribute_code":"attribute_value_3","value":"\u003cul\u003e\r\n\u003cli\u003e\u003cspan class=\"list-content\"\u003e\u003cstrong\u003eStep 1 : \u003c/strong\u003eApply a coin-sized amount of face wash on your child’s damp face\u003c/span\u003e\u003c/li\u003e\r\n\u003cli\u003e\u003cspan class=\"list-content\"\u003e\u003cstrong\u003eStep 2 : \u003c/strong\u003eGently massage in a circular motion\u003c/span\u003e\u003c/li\u003e\r\n\u003cli\u003e\u003cspan class=\"list-content\"\u003e\u003cstrong\u003eStep 3 : \u003c/strong\u003eRinse off with water \u0026 pat dry\u003c/span\u003e\u003c/li\u003e\r\n\r\n\u003c/ul\u003e"},{"attribute_code":"attribute_value_4","value":"\u003cul style=\"list-style: disc; padding-left: 1em;\"\u003e\r\n\u003cli\u003eKids between the age of 0-10 can use the Foaming Face Wash\u003c/li\u003e\r\n\u003cli\u003eSuitable for all skin types\u003c/li\u003e\r\n\u003c/ul\u003e"},{"attribute_code":"attribute_value_5","value":"\u003cul class=\"compare-list\"\u003e\r\n\u003cli\u003e\r\n\u003cdiv class=\"compare-img\"\u003e\u003cimg src=\"https://images.mamaearth.in/wysiwyg/01-02-22/%28Foaming-Face-Wash-For-Kids%29.jpg\" alt=\"Mamaearth foaming facewash for kids in all baby products\" /\u003e\u003c/div\u003e\r\n\u003cdiv class=\"compare-content\"\u003e\r\n\u003cul\u003e\r\n\u003cli\u003eEnriched With Natural Ingredients\u003c/li\u003e\r\n\u003cli\u003epH Balanced Formula\u003c/li\u003e\r\n\u003cli\u003eSuitable For Sensitive Skin\u003c/li\u003e\r\n\u003cli\u003eSoap-Free Formula\u003c/li\u003e\r\n\u003cli\u003eDermatologically Tested\u003c/li\u003e\r\n\u003cli\u003eNo Harsh Chemicals\u003c/li\u003e\r\n\u003cli\u003eCruelty-Free\u003c/li\u003e\r\n\u003c/ul\u003e\r\n\u003c/div\u003e\r\n\u003c/li\u003e\r\n\u003cli\u003e\r\n\u003cdiv class=\"compare-img\"\u003e\u003cimg src=\"https://images.mamaearth.in/wysiwyg/Oil-Bottle-300x300.jpg\" alt=\"Baby face wash\" /\u003e\u003c/div\u003e\r\n\u003cdiv class=\"compare-content\"\u003e\r\n\u003cul\u003e\r\n\u003cli\u003eNot Made With Natural Ingredients\u003c/li\u003e\r\n\u003cli\u003eNot pH Balanced\u003c/li\u003e\r\n\u003cli\u003eNot Suitable For Sensitive Skin\u003c/li\u003e\r\n\u003cli\u003eContains Harsh Surfactants\u003c/li\u003e\r\n\u003cli\u003eNot Dermatologically Tested\u003c/li\u003e\r\n\u003cli\u003eContain Harsh Chemicals\u003c/li\u003e\r\n\u003cli\u003eNot Cruelty-Free\u003c/li\u003e\r\n\u003c/ul\u003e\r\n\u003c/div\u003e\r\n\u003c/li\u003e\r\n\u003c/ul\u003e"},{"attribute_code":"attribute_value_6","value":"\u003ctable\u003e\r\n\u003ctbody\u003e\r\n\u003ctr\u003e\r\n\u003ctd\u003e\r\n\u003cp\u003e\u003cstrong\u003eIngredient\u003c/strong\u003e\u003c/p\u003e\r\n\u003c/td\u003e\r\n\u003ctd\u003e\r\n\u003cp\u003e\u003cstrong\u003eType\u003c/strong\u003e\u003c/p\u003e\r\n\u003c/td\u003e\r\n\u003ctd\u003e\r\n\u003cp\u003e\u003cstrong\u003eWhere Is It From\u003c/strong\u003e\u003c/p\u003e\r\n\u003c/td\u003e\r\n\u003ctd\u003e\r\n\u003cp\u003e\u003cstrong\u003eHow It Helps\u003c/strong\u003e\u003c/p\u003e\r\n\u003c/td\u003e\r\n\u003c/tr\u003e\r\n\u003ctr\u003e\r\n\u003ctd\u003e\r\n\u003cp\u003e\u003cspan style=\"font-weight: 400;\"\u003eAqua\u003c/span\u003e\u003c/p\u003e\r\n\u003c/td\u003e\r\n\u003ctd\u003e\r\n\u003cp\u003e\u003cspan style=\"font-weight: 400;\"\u003eNatural\u003c/span\u003e\u003c/p\u003e\r\n\u003c/td\u003e\r\n\u003ctd\u003e\r\n\u003cp\u003e\u003cspan style=\"font-weight: 400;\"\u003eWater\u003c/span\u003e\u003c/p\u003e\r\n\u003c/td\u003e\r\n\u003ctd\u003e\r\n\u003cp\u003e\u003cspan style=\"font-weight: 400;\"\u003eDiluent\u003c/span\u003e\u003c/p\u003e\r\n\u003c/td\u003e\r\n\u003c/tr\u003e\r\n\u003ctr\u003e\r\n\u003ctd\u003e\r\n\u003cp\u003e\u003cspan style=\"font-weight: 400;\"\u003eCocamidopropyl Betaine\u003c/span\u003e\u003c/p\u003e\r\n\u003c/td\u003e\r\n\u003ctd\u003e\r\n\u003cp\u003e\u003cspan style=\"font-weight: 400;\"\u003eNatural\u003c/span\u003e\u003c/p\u003e\r\n\u003c/td\u003e\r\n\u003ctd\u003e\r\n\u003cp\u003e\u003cspan style=\"font-weight: 400;\"\u003eCoconut Fatty Acids\u003c/span\u003e\u003c/p\u003e\r\n\u003c/td\u003e\r\n\u003ctd\u003e\r\n\u003cp\u003e\u003cspan style=\"font-weight: 400;\"\u003eSurfactant\u003c/span\u003e\u003c/p\u003e\r\n\u003c/td\u003e\r\n\u003c/tr\u003e\r\n\u003ctr\u003e\r\n\u003ctd\u003e\r\n\u003cp\u003e\u003cspan style=\"font-weight: 400;\"\u003eDecyl Glucoside\u003c/span\u003e\u003c/p\u003e\r\n\u003c/td\u003e\r\n\u003ctd\u003e\r\n\u003cp\u003e\u003cspan style=\"font-weight: 400;\"\u003eNatural\u003c/span\u003e\u003c/p\u003e\r\n\u003c/td\u003e\r\n\u003ctd\u003e\r\n\u003cp\u003e\u003cspan style=\"font-weight: 400;\"\u003ePlant-Based\u003c/span\u003e\u003c/p\u003e\r\n\u003c/td\u003e\r\n\u003ctd\u003e\r\n\u003cp\u003e\u003cspan style=\"font-weight: 400;\"\u003eSurfactant\u003c/span\u003e\u003c/p\u003e\r\n\u003c/td\u003e\r\n\u003c/tr\u003e\r\n\u003ctr\u003e\r\n\u003ctd\u003e\r\n\u003cp\u003e\u003cspan style=\"font-weight: 400;\"\u003eSodium Lauroyl Sarcosinate\u003c/span\u003e\u003c/p\u003e\r\n\u003c/td\u003e\r\n\u003ctd\u003e\r\n\u003cp\u003e\u003cspan style=\"font-weight: 400;\"\u003eNatural\u003c/span\u003e\u003c/p\u003e\r\n\u003c/td\u003e\r\n\u003ctd\u003e\r\n\u003cp\u003e\u003cspan style=\"font-weight: 400;\"\u003eCoconut\u003c/span\u003e\u003c/p\u003e\r\n\u003c/td\u003e\r\n\u003ctd\u003e\r\n\u003cp\u003e\u003cspan style=\"font-weight: 400;\"\u003eSurfactant\u003c/span\u003e\u003c/p\u003e\r\n\u003c/td\u003e\r\n\u003c/tr\u003e\r\n\u003ctr\u003e\r\n\u003ctd\u003e\r\n\u003cp\u003e\u003cspan style=\"font-weight: 400;\"\u003eSodium\u003c/span\u003e\u003c/p\u003e\r\n\u003cp\u003e\u003cspan style=\"font-weight: 400;\"\u003eCocoamphoacetate\u003c/span\u003e\u003c/p\u003e\r\n\u003c/td\u003e\r\n\u003ctd\u003e\r\n\u003cp\u003e\u003cspan style=\"font-weight: 400;\"\u003eNatural\u003c/span\u003e\u003c/p\u003e\r\n\u003c/td\u003e\r\n\u003ctd\u003e\r\n\u003cp\u003e\u003cspan style=\"font-weight: 400;\"\u003eCoconut\u003c/span\u003e\u003c/p\u003e\r\n\u003c/td\u003e\r\n\u003ctd\u003e\r\n\u003cp\u003e\u003cspan style=\"font-weight: 400;\"\u003eFoaming Agent\u003c/span\u003e\u003c/p\u003e\r\n\u003c/td\u003e\r\n\u003c/tr\u003e\r\n\u003ctr\u003e\r\n\u003ctd\u003e\u003cbr /\u003e\r\n\u003cp\u003e\u003cspan style=\"font-weight: 400;\"\u003eAloe Vera Extract\u003c/span\u003e\u003c/p\u003e\r\n\u003c/td\u003e\r\n\u003ctd\u003e\r\n\u003cp\u003e\u003cspan style=\"font-weight: 400;\"\u003eNatural\u003c/span\u003e\u003c/p\u003e\r\n\u003c/td\u003e\r\n\u003ctd\u003e\r\n\u003cp\u003e\u003cspan style=\"font-weight: 400;\"\u003eAloe Vera\u003c/span\u003e\u003c/p\u003e\r\n\u003c/td\u003e\r\n\u003ctd\u003e\r\n\u003cp\u003e\u003cspan style=\"font-weight: 400;\"\u003eMoisturizing Agent\u003c/span\u003e\u003c/p\u003e\r\n\u003c/td\u003e\r\n\u003c/tr\u003e\r\n\u003ctr\u003e\r\n\u003ctd\u003e\u003cbr /\u003e\r\n\u003cp\u003e\u003cspan style=\"font-weight: 400;\"\u003eDisodium Cocoamphodiacetate\u003c/span\u003e\u003c/p\u003e\r\n\u003c/td\u003e\r\n\u003ctd\u003e\r\n\u003cp\u003e\u003cspan style=\"font-weight: 400;\"\u003eNatural\u003c/span\u003e\u003c/p\u003e\r\n\u003c/td\u003e\r\n\u003ctd\u003e\r\n\u003cp\u003e\u003cspan style=\"font-weight: 400;\"\u003eCoconut Fatty Acids\u003c/span\u003e\u003c/p\u003e\r\n\u003c/td\u003e\r\n\u003ctd\u003e\r\n\u003cp\u003e\u003cspan style=\"font-weight: 400;\"\u003eSurfactant\u003c/span\u003e\u003c/p\u003e\r\n\u003c/td\u003e\r\n\u003c/tr\u003e\r\n\u003ctr\u003e\r\n\u003ctd\u003e\u003cbr /\u003e\r\n\u003cp\u003e\u003cspan style=\"font-weight: 400;\"\u003eGlycerin\u003c/span\u003e\u003c/p\u003e\r\n\u003c/td\u003e\r\n\u003ctd\u003e\r\n\u003cp\u003e\u003cspan style=\"font-weight: 400;\"\u003eNatural\u003c/span\u003e\u003c/p\u003e\r\n\u003c/td\u003e\r\n\u003ctd\u003e\r\n\u003cp\u003e\u003cspan style=\"font-weight: 400;\"\u003ePlant-Based\u003c/span\u003e\u003c/p\u003e\r\n\u003c/td\u003e\r\n\u003ctd\u003e\r\n\u003cp\u003e\u003cspan style=\"font-weight: 400;\"\u003eMoisturizing Agent\u003c/span\u003e\u003c/p\u003e\r\n\u003c/td\u003e\r\n\u003c/tr\u003e\r\n\u003ctr\u003e\r\n\u003ctd\u003e\u003cbr /\u003e\r\n\u003cp\u003e\u003cspan style=\"font-weight: 400;\"\u003eCoconut Extract\u003c/span\u003e\u003c/p\u003e\r\n\u003c/td\u003e\r\n\u003ctd\u003e\u003cbr /\u003e\r\n\u003cp\u003e\u003cspan style=\"font-weight: 400;\"\u003eNatural\u003c/span\u003e\u003c/p\u003e\r\n\u003c/td\u003e\r\n\u003ctd\u003e\u003cbr /\u003e\r\n\u003cp\u003e\u003cspan style=\"font-weight: 400;\"\u003eCoconut\u003c/span\u003e\u003c/p\u003e\r\n\u003c/td\u003e\r\n\u003ctd\u003e\r\n\u003cp\u003e\u003cspan style=\"font-weight: 400;\"\u003eMoisturizing Agent\u003c/span\u003e\u003c/p\u003e\r\n\u003c/td\u003e\r\n\u003c/tr\u003e\r\n\u003ctr\u003e\r\n\u003ctd\u003e\u003cbr /\u003e\r\n\u003cp\u003e\u003cspan style=\"font-weight: 400;\"\u003eCalendula Extract\u003c/span\u003e\u003c/p\u003e\r\n\u003c/td\u003e\r\n\u003ctd\u003e\u003cbr /\u003e\r\n\u003cp\u003e\u003cspan style=\"font-weight: 400;\"\u003eNatural\u003c/span\u003e\u003c/p\u003e\r\n\u003c/td\u003e\r\n\u003ctd\u003e\u003cbr /\u003e\r\n\u003cp\u003e\u003cspan style=\"font-weight: 400;\"\u003eMarigold Flowers\u003c/span\u003e\u003c/p\u003e\r\n\u003c/td\u003e\r\n\u003ctd\u003e\u003cbr /\u003e\r\n\u003cp\u003e\u003cspan style=\"font-weight: 400;\"\u003eAnti-bacterial\u003c/span\u003e\u003c/p\u003e\r\n\u003c/td\u003e\r\n\u003c/tr\u003e\r\n\u003ctr\u003e\r\n\u003ctd\u003e\u003cbr /\u003e\r\n\u003cp\u003e\u003cspan style=\"font-weight: 400;\"\u003eSodium PCA\u003c/span\u003e\u003c/p\u003e\r\n\u003c/td\u003e\r\n\u003ctd\u003e\r\n\u003cp\u003e\u003cspan style=\"font-weight: 400;\"\u003eNatural\u003c/span\u003e\u003c/p\u003e\r\n\u003c/td\u003e\r\n\u003ctd\u003e\r\n\u003cp\u003e\u003cspan style=\"font-weight: 400;\"\u003ePlant-Based\u003c/span\u003e\u003c/p\u003e\r\n\u003c/td\u003e\r\n\u003ctd\u003e\r\n\u003cp\u003e\u003cspan style=\"font-weight: 400;\"\u003eReduces Inflammation\u003c/span\u003e\u003c/p\u003e\r\n\u003c/td\u003e\r\n\u003c/tr\u003e\r\n\u003ctr\u003e\r\n\u003ctd\u003e\u003cbr /\u003e\r\n\u003cp\u003e\u003cspan style=\"font-weight: 400;\"\u003eD-Panthenol\u003c/span\u003e\u003c/p\u003e\r\n\u003c/td\u003e\r\n\u003ctd\u003e\u003cbr /\u003e\r\n\u003cp\u003e\u003cspan style=\"font-weight: 400;\"\u003eNatural\u003c/span\u003e\u003c/p\u003e\r\n\u003c/td\u003e\r\n\u003ctd\u003e\u003cbr /\u003e\r\n\u003cp\u003e\u003cspan style=\"font-weight: 400;\"\u003eVitamin B5\u003c/span\u003e\u003c/p\u003e\r\n\u003c/td\u003e\r\n\u003ctd\u003e\u003cbr /\u003e\r\n\u003cp\u003e\u003cspan style=\"font-weight: 400;\"\u003eHealing Agent\u003c/span\u003e\u003c/p\u003e\r\n\u003c/td\u003e\r\n\u003c/tr\u003e\r\n\u003ctr\u003e\r\n\u003ctd\u003e\u003cbr /\u003e\r\n\u003cp\u003e\u003cspan style=\"font-weight: 400;\"\u003eCucumber Extract\u003c/span\u003e\u003c/p\u003e\r\n\u003c/td\u003e\r\n\u003ctd\u003e\u003cbr /\u003e\r\n\u003cp\u003e\u003cspan style=\"font-weight: 400;\"\u003eNatural\u003c/span\u003e\u003c/p\u003e\r\n\u003c/td\u003e\r\n\u003ctd\u003e\u003cbr /\u003e\r\n\u003cp\u003e\u003cspan style=\"font-weight: 400;\"\u003eCucumber\u003c/span\u003e\u003c/p\u003e\r\n\u003c/td\u003e\r\n\u003ctd\u003e\u003cbr /\u003e\r\n\u003cp\u003e\u003cspan style=\"font-weight: 400;\"\u003eHeals pain \u0026amp; redness\u003c/span\u003e\u003c/p\u003e\r\n\u003c/td\u003e\r\n\u003c/tr\u003e\r\n\u003ctr\u003e\r\n\u003ctd\u003e\u003cbr /\u003e\r\n\u003cp\u003e\u003cspan style=\"font-weight: 400;\"\u003eLavender Oil\u003c/span\u003e\u003c/p\u003e\r\n\u003c/td\u003e\r\n\u003ctd\u003e\u003cbr /\u003e\r\n\u003cp\u003e\u003cspan style=\"font-weight: 400;\"\u003eNatural\u003c/span\u003e\u003c/p\u003e\r\n\u003c/td\u003e\r\n\u003ctd\u003e\u003cbr /\u003e\r\n\u003cp\u003e\u003cspan style=\"font-weight: 400;\"\u003eLavender\u003c/span\u003e\u003c/p\u003e\r\n\u003c/td\u003e\r\n\u003ctd\u003e\u003cbr /\u003e\r\n\u003cp\u003e\u003cspan style=\"font-weight: 400;\"\u003eAntiseptic \u0026amp; Anti Inflammatory\u003c/span\u003e\u003c/p\u003e\r\n\u003c/td\u003e\r\n\u003c/tr\u003e\r\n\u003ctr\u003e\r\n\u003ctd\u003e\u003cbr /\u003e\r\n\u003cp\u003e\u003cspan style=\"font-weight: 400;\"\u003eSodium Gluconate\u003c/span\u003e\u003c/p\u003e\r\n\u003c/td\u003e\r\n\u003ctd\u003e\u003cbr /\u003e\r\n\u003cp\u003e\u003cspan style=\"font-weight: 400;\"\u003eNatural\u003c/span\u003e\u003c/p\u003e\r\n\u003c/td\u003e\r\n\u003ctd\u003e\u003cbr /\u003e\r\n\u003cp\u003e\u003cspan style=\"font-weight: 400;\"\u003eGluconic acid\u003c/span\u003e\u003c/p\u003e\r\n\u003c/td\u003e\r\n\u003ctd\u003e\u003cbr /\u003e\r\n\u003cp\u003e\u003cspan style=\"font-weight: 400;\"\u003epH Regulator\u003c/span\u003e\u003c/p\u003e\r\n\u003c/td\u003e\r\n\u003c/tr\u003e\r\n\u003ctr\u003e\r\n\u003ctd\u003e\u003cbr /\u003e\r\n\u003cp\u003e\u003cspan style=\"font-weight: 400;\"\u003eCitric Acid\u003c/span\u003e\u003c/p\u003e\r\n\u003c/td\u003e\r\n\u003ctd\u003e\u003cbr /\u003e\r\n\u003cp\u003e\u003cspan style=\"font-weight: 400;\"\u003eNatural\u003c/span\u003e\u003c/p\u003e\r\n\u003c/td\u003e\r\n\u003ctd\u003e\u003cbr /\u003e\r\n\u003cp\u003e\u003cspan style=\"font-weight: 400;\"\u003eCitrus Fruits\u003c/span\u003e\u003c/p\u003e\r\n\u003c/td\u003e\r\n\u003ctd\u003e\u003cbr /\u003e\r\n\u003cp\u003e\u003cspan style=\"font-weight: 400;\"\u003eExfoliant\u003c/span\u003e\u003c/p\u003e\r\n\u003c/td\u003e\r\n\u003c/tr\u003e\r\n\u003ctr\u003e\r\n\u003ctd\u003e\u003cbr /\u003e\r\n\u003cp\u003e\u003cspan style=\"font-weight: 400;\"\u003eSodium Benzoate\u003c/span\u003e\u003c/p\u003e\r\n\u003c/td\u003e\r\n\u003ctd\u003e\u003cbr /\u003e\r\n\u003cp\u003e\u003cspan style=\"font-weight: 400;\"\u003eSynthetic \u003c/span\u003e\u003c/p\u003e\r\n\u003c/td\u003e\r\n\u003ctd\u003e\u003cbr /\u003e\r\n\u003cp\u003e\u003cspan style=\"font-weight: 400;\"\u003eLab Synthesized \u003c/span\u003e\u003c/p\u003e\r\n\u003c/td\u003e\r\n\u003ctd\u003e\u003cbr /\u003e\r\n\u003cp\u003e\u003cspan style=\"font-weight: 400;\"\u003ePreservative\u003c/span\u003e\u003c/p\u003e\r\n\u003c/td\u003e\r\n\u003c/tr\u003e\r\n\u003ctr\u003e\r\n\u003ctd\u003e\u003cbr /\u003e\r\n\u003cp\u003e\u003cspan style=\"font-weight: 400;\"\u003ePotassium Sorbate\u003c/span\u003e\u003c/p\u003e\r\n\u003c/td\u003e\r\n\u003ctd\u003e\u003cbr /\u003e\r\n\u003cp\u003e\u003cspan style=\"font-weight: 400;\"\u003eNatural\u003c/span\u003e\u003c/p\u003e\r\n\u003c/td\u003e\r\n\u003ctd\u003e\u003cbr /\u003e\r\n\u003cp\u003e\u003cspan style=\"font-weight: 400;\"\u003eFruits\u003c/span\u003e\u003c/p\u003e\r\n\u003c/td\u003e\r\n\u003ctd\u003e\u003cbr /\u003e\r\n\u003cp\u003e\u003cspan style=\"font-weight: 400;\"\u003ePreservative\u003c/span\u003e\u003c/p\u003e\r\n\u003c/td\u003e\r\n\u003c/tr\u003e\r\n\u003c/tbody\u003e\r\n\u003c/table\u003e"},{"attribute_code":"attribute_value_7","value":"\u003cdiv id=\"faqs\"\u003e\r\n\u003cp\u003eCan It Be Used on The Body?\u003c/p\u003e\r\n\u003cp\u003eYes, it can be used on the body, however you can browse Mamaearth's range of body washes, specially formulated to be used on your child's body.\u003c/p\u003e\r\n\u003cp\u003eMy Child Has Dry Skin, Can This Help?\u003c/p\u003e\r\n\u003cp\u003eYes, this face wash is safe for all skin types. It contains soothing and nourishing ingredients like Aloe Vera \u0026amp; Coconut which will moisturize your child's skin. The soap-free formula ensures that it doesn't dry out the skin.\u003c/p\u003e\r\n\u003cp\u003eIs This Safe to Be Used on New Borns?\u003c/p\u003e\r\n\u003cp\u003eYes, absolutely. The Foaming Face Wash is safe to be used for newborn babies.\u003c/p\u003e\r\n\u003cp\u003eCan This Be Used Everyday?\u003c/p\u003e\r\n\u003cp\u003eYes, the Foaming Face Wash can be used everyday.\u003c/p\u003e\r\n\u003cp\u003eWhich face wash is best for kids?\u003c/p\u003e\r\n\u003cp\u003eWe recommend using a gentle cleansing foaming face wash with moisturizing agents and tear-free formula. You may try Mamaearth Foaming Face Wash for kids. It is crafted with the goodness of Aloe Vera, Calendula Oil, and Lavender Oil, which offer intense hydration and nourishment to kids' tender skin. In addition, it is a MadeSafe certified cleanser with tear-free formula.\u003c/p\u003e\r\n\u003cp\u003eIs there any face wash for kids?\u003c/p\u003e\r\n\u003cp\u003eYes, there are many types of many face washes for kids available online nowadays. It is advisable to look for a certified product with plant-based ingredients and tear-free formula. Mamaearth Foaming Face Wash for Kids with tear-free formula comes enriched with calming ingredients like Aloe Vera, Calendula Oil, and Lavender Oil. These ingredients soothe the baby’s skin and balance its pH level.\u003c/p\u003e\r\n\u003cp\u003eIs a foaming face wash good for baby’s skin?\u003c/p\u003e\r\n\u003cp\u003eYes, the foaming face wash is formulated for deep cleansing. However, it would be best to look for moisturizing ingredients to ensure that the cleanser doesn't cause any dryness or allergies to babies' skin.\u003c/p\u003e\r\n\u003cp\u003eCan we use face wash for children?\u003c/p\u003e\r\n\u003cp\u003eYes, you should always cleanse your kids' face with a mild cleanser. However, while choosing gentle cleansing foaming face wash for kids, you should ensure that the cleanser is free from harmful chemicals. Instead, it would help if you choose a cleanser that is made with natural extracts and soothing ingredients.\u003c/p\u003e\r\n\u003cp\u003eWhich face wash is best for kids?\u003c/p\u003e\r\n\u003cp\u003eWe recommend using a gentle cleansing foaming face wash with moisturizing agents and tear-free formula. You may try Mamaearth Foaming Face Wash for kids. It is crafted with the goodness of Aloe Vera, Calendula Oil, and Lavender Oil, which offer intense hydration and nourishment to kids' tender skin. In addition, it is a MadeSafe certified cleanser with tear-free formula. \u003c/p\u003e\r\n\u003cp\u003eIs there any face wash for kids?\u003c/p\u003e\r\n\u003cp\u003eYes, there are many types of many face washes for kids available online nowadays. It is advisable to look for a certified product with plant-based ingredients and tear-free formula. Mamaearth Foaming Face Wash for Kids with tear-free formula comes enriched with calming ingredients like Aloe Vera, Calendula Oil, and Lavender Oil. These ingredients soothe the baby’s skin and balance its pH level.\u003c/p\u003e\r\n\u003cp\u003eIs a foaming face wash good for baby’s skin?\u003c/p\u003e\r\n\u003cp\u003eYes, the foaming face wash is formulated for deep cleansing. However, it would be best to look for moisturizing ingredients to ensure that the cleanser doesn't cause any dryness or allergies to babies' skin. \u003c/p\u003e\r\n\u003cp\u003eCan we use face wash for children?\u003c/p\u003e\r\n\u003cp\u003eYes, you should always cleanse your kids' face with a mild cleanser. However, while choosing gentle cleansing foaming face wash for kids, you should ensure that the cleanser is free from harmful chemicals. Instead, it would help if you choose a cleanser that is made with natural extracts and soothing ingredients.\u003c/p\u003e\r\n\u003cp\u003eWhat should kids use to wash their face?\u003c/p\u003e\r\n\u003cp\u003eKids can use a gentle and hypoallergenic cleanser specially formulated for their skin. They have delicate and sensitive skin barriers, so it is advised to use a formulation with moisturizing agents to maintain their skin’s moisture and softness. Besides, experts recommend opting for a toxin-free face wash with antibacterial and antifungal ingredients to reduce the risk of allergic reactions. For instance, Mamaearth Foaming Face Wash for Kids is suitable for kids between 0 and 10 years old. It features the goodness of Aloe Vera, Lavender Oil, and Calendula Oil that cleanse the skin without disrupting its moisture levels. Additionally, it is a MadeSafe-approved face wash enriched with pH-balancing and tear- and soap-free formula, making it ideal for kids’ skin.\u003c/p\u003e\r\n\u003cp\u003eWhat should I wash my 7 year olds face with?\u003c/p\u003e\r\n\u003cp\u003eFor kids up to 7 years old, it is recommended to opt for a gentle, toxin-free, and hypoallergenic face wash. Their skin is prone to infection and allergy, so it is best to use a formulation with antibacterial and anti-inflammatory ingredients to combat bacterial infection. Plus, look for a pH-balancing and soap-free formula to keep their skin protected from the dryness that comes with cleansing. In this light, you may use Mamaearth Foaming Face Wash, backed by the goodness of Aloe Vera, Lavender Oil, and Calendula Oil, which offers gentle cleansing without disturbing the skin’s pH and moisture levels. Besides, it is MadeSafe-approved, meaning it is free from any chemicals that might irritate the skin.\u003c/p\u003e\r\n\u003cp\u003eIs face wash OK for kids?\u003c/p\u003e\r\n\u003cp\u003eYes, it is okay to use face wash for kids, provided it is a mild, non-drying, and hypoallergenic formulation specifically designed for delicate skin. You may choose a toxin-free formulation with gentle cleansing ingredients and soap-free options to lessen the risk of irritation. A mild face wash can wipe impurities without disturbing the skin’s natural moisture and pH balance. If you are looking for such a formulation, we recommend opting for a Mamaearth Foaming Face Wash. It features the natural goodness of Aloe Vera, Lavender Oil, and Calendula Oil to provide toxin-free nourishment to kids’ skin. Backed with the finest ingredients, this gentle face wash comes with a tear- and soap-free formula that keeps skin’s moisture balance intact while cleansing. Above all, it is approved by MadeSafe, which cancels out the potential risk of skin irritation.\u003c/p\u003e\r\n\u003cp\u003eWhich age group can use Mamaearth face wash?\u003c/p\u003e\r\n\u003cp\u003eKids between the age of 0-10 can use the Mamaearth Foaming Face Wash. It is powered by moisturizing agents and antifungal and antibacterial ingredients that soothe irritated skin barriers, calm sensitivity, and reduce inflammation. Certified by MadeSafe, this toxin-free face wash can greatly benefit delicate skin like kids up to 10 years.\u003c/p\u003e\r\n\u003c/div\u003e"},{"attribute_code":"special_from_date","value":"2024-05-10 10:59:00"}],"hide_in_front":0,"image":"/_/f/_foaming-face-wash-for-kids_.jpg","is_in_stock":true,"name":"Foaming Face Wash For Kids With Aloe Vera \u0026 Coconut For Gentle Cleansing- 150 ml ","position":"9","price":"349.00","product_card_tags":"Deeply Cleanses | Soothes Skin | Tear-Free Formula","review_count":89,"sku":"8906087778264","special_price":"","special_price_from_date":{"date":"2024-05-10 16:29:00","timezone_type":3,"timezone":"Asia/Kolkata"},"tags":"Trending","url_key":"mamaearth-foaming-face-wash-for-kids-with-aloe-vera-coconut-for-gentle-cleansing-150-ml","imageAltTags":["Foaming face wash for kids","Foaming Face Wash For Kids With Aloe Vera","Foaming Face Wash For Kids with Tear-Free","Deeply Cleanses Foaming Face Wash For Kids","Gentle Cleansing Foaming Face Wash For Kids","Foaming Face Wash For Kids With Aloe Vera"],"product_subtitle_keys":["Buy 1 Get 1 FREE"],"size":"150ml","unitPrice":"2.33/ml","old_productid":"696","generic_name":null},{"id":551,"tier_prices":[],"avg_rating_percent":90,"categories":[2,18,21,157,219,118,298,402,426,427,422,52,372],"created_at":"2022-05-11 09:28:45","custom_attributes":[{"attribute_code":"manufacturer","value":"Aurumine Naturals Pvt Ltd, Plot No.111, STICE, Musalgaon, Sinnar, Nashik-422112"},{"attribute_code":"meta_title","value":"Niacinamide Moisturizer with Rice Water for Glass Skin -80g"},{"attribute_code":"meta_description","value":"Niacinamide moisturizer for glass skin \u0026 24-hour hydration. Rice moisturizer with rice water \u0026 niacinamide, this rice moisturizer hydrates and brightens skin."},{"attribute_code":"image","value":"/r/i/rice-oil-free-face-moisturizer_1.jpg"},{"attribute_code":"small_image","value":"/r/i/rice-oil-free-face-moisturizer_1.jpg"},{"attribute_code":"thumbnail","value":"/r/i/rice-oil-free-face-moisturizer_1.jpg"},{"attribute_code":"options_container","value":"container2"},{"attribute_code":"small_image_label","value":"Niacinamide Moisturizer"},{"attribute_code":"thumbnail_label","value":"Niacinamide Moisturizer"},{"attribute_code":"country_of_manufacture","value":"IN"},{"attribute_code":"url_key","value":"rice-oil-free-face-moisturizer-with-rice-water-niacinamide-for-glass-skin-80-g"},{"attribute_code":"msrp_display_actual_price_type","value":"0"},{"attribute_code":"gift_message_available","value":"2"},{"attribute_code":"swatch_image","value":"/r/i/rice-oil-free-face-moisturizer_1.jpg"},{"attribute_code":"attribute_label_1","value":"Results of Oil-Free Face Moisturizer"},{"attribute_code":"attribute_label_2","value":"Hero Ingredients"},{"attribute_code":"attribute_label_3","value":"How to Use"},{"attribute_code":"attribute_label_4","value":"Suitable For"},{"attribute_code":"attribute_label_5","value":"Why Mamaearth "},{"attribute_code":"attribute_label_6","value":"List of Ingredients"},{"attribute_code":"attribute_label_7","value":"FAQs"},{"attribute_code":"best_before","value":"18 Months"},{"attribute_code":"dimensions","value":"10*5*5"},{"attribute_code":"mrp","value":"319"},{"attribute_code":"old_productid","value":"717"},{"attribute_code":"weight_when_packed","value":"0.5 lbs"},{"attribute_code":"tags","value":"Low On Stock"},{"attribute_code":"marketed_by","value":"Honasa Consumer Limited, 10th and 11th Floor, Capital Cyberscape, Sector 59, Gurugram, Haryana, 122101"},{"attribute_code":"live_url","value":"https://mamaearth.in/product/rice-oil-free-face-moisturizer-with-rice-water-niacinamide-for-glass-skin-80-g"},{"attribute_code":"license_no","value":"MH/104302"},{"attribute_code":"length","value":"10"},{"attribute_code":"google_category","value":"2915"},{"attribute_code":"cms_sequence","value":"1,2,3,4,5,6,7,8"},{"attribute_code":"width","value":"5"},{"attribute_code":"height","value":"5"},{"attribute_code":"breadcrumb_category","value":"157","title":"Face Moisturizer in India","url_key":"face-moisturizer"},{"attribute_code":"custom_product_type","value":"be_skin"},{"attribute_code":"brand","value":"4"},{"attribute_code":"product_card_tags","value":"24-Hour Hydration | Brightens Skin Tone"},{"attribute_code":"saving_scheme","value":"price_per_gm"},{"attribute_code":"product_subtitle_keys","value":"Buy 1 Get 1 FREE, Moisturisers, Rice"},{"attribute_code":"is_suitable_for_skin_type","value":"466","label":"oily"},{"attribute_code":"skin_goals","value":"467,469,470","label":"moisturization, bright skin, even skin tone"},{"attribute_code":"tax_class_id","value":"2"},{"attribute_code":"create_scarcity","value":"0"},{"attribute_code":"hide_product_infront","value":"0"},{"attribute_code":"show_in_feed","value":"1"},{"attribute_code":"base_category","value":"86"},{"attribute_code":"base_sub_category","value":"62"},{"attribute_code":"key_ingredient","value":"500"},{"attribute_code":"show_price_per_unit","value":"1"},{"attribute_code":"volume","value":"80"},{"attribute_code":"enable_fbt_popup","value":"0"},{"attribute_code":"enable_product_for_wa_commerce","value":"0"},{"attribute_code":"strikethrough","value":"1"},{"attribute_code":"meta_keyword","value":"rice moisturizer, mamaearth rice moisturizer, moisturizer with niacinamide, rice moisturizer cream, rice oil free face moisturizer,\r\nrice moisturizer for face, moisturizer with rice, moisturizer for glass skin, rice moisturizer to brighten skin tone, rice moisturizer for hydration, rice moisturizer for improves skin texture, aloe vera rice moisturizer, rice moisturizer for oily skin, rice moisturizer for dry skin, rice moisturizer ingrediants, oil free rice moisturizer, mamaearth rice oil free moisturizer, mamaearth rice water moisturizer, mamaearth rice oil free face moisturizer, mamaearth rice face moisturizer, mama earth rice moisturizer"},{"attribute_code":"tag_keywords","value":"Oil-free Moisturizer,Moisturizer,Hydration,Moisturization,Glass Skin,Rice Water,Niacinamide,Aloe Vera,24 Hour Hydration,Natural Moisturizer,Lightweight,Non-sticky,Non-greasy,Oil-free"},{"attribute_code":"short_description","value":"\u003cp style=\"text-align: justify;\"\u003eWhat’s hydrating, weightless \u0026 gives you glass skin? Hello Mamaearth Rice Oil-Free Face Moisturizer. Crafted with the goodness of Rice Water \u0026 Niacinamide, the moisturizer instantly moisturizes \u0026 brightens your skin. Rice Water is proven to add a surge of moisture, reviving your skin’s glow. Niacinamide minimizes the appearance of pores \u0026 works towards rebuilding the lipid layer, improving the skin’s overall texture. \u003cbr\u003e\r\nAlso enriched with Black Oats, the oil-free moisturizer locks in moisture keeping your skin supple \u0026 plump while Aloe Vera nourishes \u0026 calms your skin, relieving any irritation. The result? Glass-like skin that glows \u0026 stays moisturized all day long! \u003cbr\u003e\r\nAnd it is also Made Safe certified which means it contains no toxins or harmful chemicals, just the goodness of nature. \r\n\u003c/p\u003e"},{"attribute_code":"attribute_value_1","value":"\u003cul class=\"result-list\"\u003e\r\n\u003cli\u003e\r\n\u003cdiv class=\"result-img\"\u003e\u003cimg loading=\"lazy\" src=\"https://images.mamaearth.in/wysiwyg/06-05-22/OilF/24-Hour%20Hydration.jpg\" alt=\"Face Moisturizer Products provides 24-Hour Hydration\" /\u003e\u003c/div\u003e\r\n\u003ch2\u003e24-Hour Hydration\u003c/h2\u003e\r\n\u003cspan class=\"result-content\" style=\"padding: 0; text-align: center;\"\u003eHydration that stays on \u0026amp; on! Switch to Rice Oil-Free Moisturizer that keeps your skin hydrated for up to 24 hours thanks to ingredients like Rice Water \u0026amp; Aloe Vera.\u003c/span\u003e\u003c/li\u003e\r\n\u003cli\u003e\r\n\u003cdiv class=\"result-img\"\u003e\u003cimg loading=\"lazy\" src=\"https://images.mamaearth.in/wysiwyg/06-05-22/OilF/Brightens%20Skin%20Tone.jpg\" alt=\"mama earth moisturiser brightens Skin Tone\" /\u003e\u003c/div\u003e\r\n\u003ch2\u003eBrightens Skin Tone\u003c/h2\u003e\r\n\u003cspan class=\"result-content\" style=\"padding: 0; text-align: center;\"\u003eNatural radiance unlocked! Crafted with Rice Water and Niacinamide, the oil-free moisturizer brightens and evens your skin tone leaving you with glass-like skin. \u003c/span\u003e\u003c/li\u003e\r\n\u003cli\u003e\r\n\u003cdiv class=\"result-img\"\u003e\u003cimg loading=\"lazy\" src=\"https://images.mamaearth.in/wysiwyg/06-05-22/OilF/Improves%20Skin%20Texture.jpg\" alt=\"Face Moisturizer for Men Improves Skin Texture\" /\u003e\u003c/div\u003e\r\n\u003ch2\u003eImproves Skin Texture\u003c/h2\u003e\r\n\u003cspan class=\"result-content\" style=\"padding: 0; text-align: center;\"\u003eClear skin for the win! Rice Oil-Free Moisturizer, contains Niacinamide which is proven to lighten dark spots \u0026amp; improve uneven texture, resulting in smoother skin! \u003c/span\u003e\u003c/li\u003e\r\n\u003cli\u003e\r\n\u003cdiv class=\"result-img\"\u003e\u003cimg loading=\"lazy\" src=\"https://images.mamaearth.in/wysiwyg/06-05-22/OilF/Made%20Safe%20Certified.jpg\" alt=\"Mamaearth Rice Oil Free Moisturizer is Made Safe Certified \" /\u003e\u003c/div\u003e\r\n\u003ch2\u003eMade Safe Certified\u003c/h2\u003e\r\n\u003cspan class=\"result-content\" style=\"padding: 0; text-align: center;\"\u003eSafer ingredients = healthier skin. With the Made Safe certified Rice Oil-Free Face Moisturizer, give your skin natural and toxin-free care. \u003c/span\u003e\u003c/li\u003e\r\n\u003c/ul\u003e"},{"attribute_code":"attribute_value_2","value":"\u003cul class=\"woodmart-list\"\u003e\r\n\u003cli\u003e\r\n\u003cdiv class=\"list-icon\"\u003e\u003cimg src=\"https://images.mamaearth.in/wysiwyg/06-05-22/GelF/ingredient-1.jpg\" alt=\"mamaearth face moisture\" /\u003e\u003c/div\u003e\r\n\u003cspan class=\"list-content\" style=\"text-align: justify;\"\u003e\u003cstrong\u003eRice Water:\u003c/strong\u003e It mattifies the skin and brightens it instantly. It also lightens dark spots, revealing clear and radiant skin. \u003c/span\u003e\u003c/li\u003e\r\n\u003cli\u003e\r\n\u003cdiv class=\"list-icon\"\u003e\u003cimg src=\"https://images.mamaearth.in/wysiwyg/Niacinamide.jpg\" alt=\"mamaearth moisturiser\" /\u003e\u003c/div\u003e\r\n\u003cspan class=\"list-content\" style=\"text-align: justify;\"\u003e\u003cstrong\u003eNiacinamide: \u003c/strong\u003e It improves skin texture by rebuilding the lipid layer and minimizes the appearance of pores, resulting in clear glass-like skin. \u003c/span\u003e\u003c/li\u003e\r\n\u003cli\u003e\r\n\u003cdiv class=\"list-icon\"\u003e\u003cimg src=\"https://images.mamaearth.in/wysiwyg/06-05-22/GelF/ingredient-3.jpg\" alt=\"mamaearth moisture cream\" /\u003e \u003c/div\u003e\r\n\u003cspan class=\"list-content\" style=\"text-align: justify;\"\u003e\u003cstrong\u003eBlack Oats:\u003c/strong\u003eRich in amino acids, Black Oats help retain and lock in the moisture keeping your skin hydrated for longer.\u003c/span\u003e\u003c/li\u003e\r\n\u003cli\u003e\r\n\u003cdiv class=\"list-icon\"\u003e\u003cimg src=\"https://images.mamaearth.in/wysiwyg/Aloe_Vera_Extract.jpg\" alt=\"Mama earth moisturiser as best face moisturizer for women\" /\u003e \u003c/div\u003e\r\n\u003cspan class=\"list-content\" style=\"text-align: justify;\"\u003e\u003cstrong\u003e Aloe Vera: \u003c/strong\u003e It hydrates and nourishes the skin keeping it soft and supple. It also soothes irritation and inflammation. \u003c/span\u003e\u003c/li\u003e\r\n\u003c/ul\u003e"},{"attribute_code":"attribute_value_3","value":"\u003cul\u003e\r\n\u003cli\u003e\u003cspan class=\"list-content\"\u003e\u003cstrong\u003eStep 1 : \u003c/strong\u003eTake an adequate amount of Oil-Free Face Moisturizer.\u003c/span\u003e\u003c/li\u003e\r\n\u003cli\u003e\u003cspan class=\"list-content\"\u003e\u003cstrong\u003eStep 2 : \u003c/strong\u003e Apply all over your face and neck.\u003c/span\u003e\u003c/li\u003e\r\n\u003cli\u003e\u003cspan class=\"list-content\"\u003e\u003cstrong\u003eStep 3 : \u003c/strong\u003eMassage it gently until it’s absorbed.\u003c/span\u003e\u003c/li\u003e\r\n\u003cli\u003e\u003cspan class=\"list-content\"\u003e\u003cstrong\u003eStep 4 : \u003c/strong\u003eIt can be used under makeup or on its own. \u003c/span\u003e\u003c/li\u003e\r\n\u003c/ul\u003e"},{"attribute_code":"attribute_value_4","value":"\u003cul style=\"list-style: disc; padding-left: 1em;\"\u003e\r\n\u003cli\u003e\u003cspan class=\"list-content\"\u003eMen and women above 18 years of age \u003c/span\u003e\u003c/li\u003e\r\n\u003cli\u003e\u003cspan class=\"list-content\"\u003eSuitable for all skin types\u003c/span\u003e\u003c/li\u003e\r\n\u003c/ul\u003e"},{"attribute_code":"attribute_value_5","value":"\u003cul class=\"compare-list\"\u003e\r\n\u003cli\u003e\r\n\u003cdiv class=\"compare-content\"\u003e\r\n\u003cul\u003e\r\n\u003cli\u003eHydrates the Skin\u003c/li\u003e\r\n\u003cli\u003eBrightens Skin Tone\u003c/li\u003e\r\n\u003cli\u003eNon-Sticky Formula\u003c/li\u003e\r\n\u003cli\u003eMade Safe Certified\u003c/li\u003e\r\n\u003cli\u003eSuitable For All Skin Types\u003c/li\u003e\r\n\u003cli\u003eDermatologically Tested\u003c/li\u003e\r\n\u003cli\u003eCruelty-Free\u003c/li\u003e\r\n\u003cli\u003eToxin-Free \u0026 No Harmful Chemicals\u003c/li\u003e\r\n\r\n\u003c/ul\u003e\r\n\u003c/div\u003e\r\n\u003c/li\u003e\r\n\u003cli\u003e\r\n\u003cdiv class=\"compare-content\"\u003e\r\n\u003cul\u003e\r\n\u003cli\u003eNot Enough Hydration\u003c/li\u003e\r\n\u003cli\u003eDoesn’t Add Radiance\u003c/li\u003e\r\n\u003cli\u003eSticky \u0026 Heavy\u003c/li\u003e\r\n\u003cli\u003eNot Made Safe Certified\u003c/li\u003e\r\n\u003cli\u003eNot Suitable For All Skin Types\u003c/li\u003e\r\n\u003cli\u003eNot Dermatologically Tested\u003c/li\u003e\r\n\u003cli\u003eNot Cruelty-free\u003c/li\u003e\r\n\u003cli\u003eContains Harmful Chemicals\r\n\u003c/li\u003e\r\n\u003c/ul\u003e\r\n\u003c/div\u003e\r\n\u003c/li\u003e\r\n\u003c/ul\u003e"},{"attribute_code":"attribute_value_6","value":"\u003ctable\u003e\r\n\u003ctbody\u003e\r\n\u003ctr\u003e\r\n\u003ctd\u003e\r\n\u003cp\u003e\u003cstrong\u003eIngredient\u003c/strong\u003e\u003c/p\u003e\r\n\u003c/td\u003e\r\n\u003ctd\u003e\r\n\u003cp\u003e\u003cstrong\u003eType\u003c/strong\u003e\u003c/p\u003e\r\n\u003c/td\u003e\r\n\u003ctd\u003e\r\n\u003cp\u003e\u003cstrong\u003eWhere Is It From\u003c/strong\u003e\u003c/p\u003e\r\n\u003c/td\u003e\r\n\u003ctd\u003e\r\n\u003cp\u003e\u003cstrong\u003eHow It Helps\u003c/strong\u003e\u003c/p\u003e\r\n\u003c/td\u003e\r\n\u003c/tr\u003e\r\n\u003ctr\u003e\r\n\u003ctd\u003e\r\n\u003cp\u003e\u003cspan style=\"font-weight: 400;\"\u003eAqua\u003c/span\u003e\u003c/p\u003e\r\n\u003c/td\u003e\r\n\u003ctd\u003e\r\n\u003cp\u003e\u003cspan style=\"font-weight: 400;\"\u003eNatural\u003c/span\u003e\u003c/p\u003e\r\n\u003c/td\u003e\r\n\u003ctd\u003e\r\n\u003cp\u003e\u003cspan style=\"font-weight: 400;\"\u003eWater\u003c/span\u003e\u003c/p\u003e\r\n\u003c/td\u003e\r\n\u003ctd\u003e\r\n\u003cp\u003e\u003cspan style=\"font-weight: 400;\"\u003eDiluent\u003c/span\u003e\u003c/p\u003e\r\n\u003c/td\u003e\r\n\u003c/tr\u003e\r\n\u003ctr\u003e\r\n\u003ctd\u003e\r\n\u003cp\u003e\u003cspan style=\"font-weight: 400;\"\u003eGlycerin\u003c/span\u003e\u003c/p\u003e\r\n\u003c/td\u003e\r\n\u003ctd\u003e\r\n\u003cp\u003e\u003cspan style=\"font-weight: 400;\"\u003eNatural\u003c/span\u003e\u003c/p\u003e\r\n\u003c/td\u003e\r\n\u003ctd\u003e\r\n\u003cp\u003e\u003cspan style=\"font-weight: 400;\"\u003ePlant-Based\u003c/span\u003e\u003c/p\u003e\r\n\u003c/td\u003e\r\n\u003ctd\u003e\r\n\u003cp\u003e\u003cspan style=\"font-weight: 400;\"\u003eHumectant\u003c/span\u003e\u003c/p\u003e\r\n\u003c/td\u003e\r\n\u003c/tr\u003e\r\n\u003ctr\u003e\r\n\u003ctd\u003e\r\n\u003cp\u003e\u003cspan style=\"font-weight: 400;\"\u003e Niacinamide\u003c/span\u003e\u003c/p\u003e\r\n\u003c/td\u003e\r\n\u003ctd\u003e\r\n\u003cp\u003e\u003cspan style=\"font-weight: 400;\"\u003eNatural \u003c/span\u003e\u003c/p\u003e\r\n\u003c/td\u003e\r\n\u003ctd\u003e\r\n\u003cp\u003e\u003cspan style=\"font-weight: 400;\"\u003ePlant-Based\u003c/span\u003e\u003c/p\u003e\r\n\u003c/td\u003e\r\n\u003ctd\u003e\r\n\u003cp\u003e\u003cspan style=\"font-weight: 400;\"\u003eHydration\u003c/span\u003e\u003c/p\u003e\r\n\u003c/td\u003e\r\n\u003c/tr\u003e\r\n\u003ctr\u003e\r\n\u003ctd\u003e\r\n\u003cp\u003e\u003cspan style=\"font-weight: 400;\"\u003e Rice Water\u003c/span\u003e\u003c/p\u003e\r\n\u003c/td\u003e\r\n\u003ctd\u003e\r\n\u003cp\u003e\u003cspan style=\"font-weight: 400;\"\u003eNatural \u003c/span\u003e\u003c/p\u003e\r\n\u003c/td\u003e\r\n\u003ctd\u003e\r\n\u003cp\u003e\u003cspan style=\"font-weight: 400;\"\u003ePlant-Based\u003c/span\u003e\u003c/p\u003e\r\n\u003c/td\u003e\r\n\u003ctd\u003e\r\n\u003cp\u003e\u003cspan style=\"font-weight: 400;\"\u003eHydration\u003c/span\u003e\u003c/p\u003e\r\n\u003c/td\u003e\r\n\u003c/tr\u003e\r\n\u003ctr\u003e\r\n\u003ctd\u003e\r\n\u003cp\u003e\u003cspan style=\"font-weight: 400;\"\u003eAloe Vera Extract\u003c/span\u003e\u003c/p\u003e\r\n\u003c/td\u003e\r\n\u003ctd\u003e\r\n\u003cp\u003e\u003cspan style=\"font-weight: 400;\"\u003eNatural \u003c/span\u003e\u003c/p\u003e\r\n\u003c/td\u003e\r\n\u003ctd\u003e\r\n\u003cp\u003e\u003cspan style=\"font-weight: 400;\"\u003ePlant-Based\u003c/span\u003e\u003c/p\u003e\r\n\u003c/td\u003e\r\n\u003ctd\u003e\r\n\u003cp\u003e\u003cspan style=\"font-weight: 400;\"\u003eHydration\u003c/span\u003e\u003c/p\u003e\r\n\u003c/td\u003e\r\n\u003c/tr\u003e\r\n\u003ctr\u003e\r\n\u003ctd\u003e\r\n\u003cp\u003e\u003cspan style=\"font-weight: 400;\"\u003eAmmonium Acryloyldimethyltaurate\u003c/span\u003e\u003c/p\u003e\r\n\u003c/td\u003e\r\n\u003ctd\u003e\r\n\u003cp\u003e\u003cspan style=\"font-weight: 400;\"\u003eSynthetic\u003c/span\u003e\u003c/p\u003e\r\n\u003c/td\u003e\r\n\u003ctd\u003e\r\n\u003cp\u003e\u003cspan style=\"font-weight: 400;\"\u003eLab-Synthesized\u003c/span\u003e\u003c/p\u003e\r\n\u003c/td\u003e\r\n\u003ctd\u003e\r\n\u003cp\u003e\u003cspan style=\"font-weight: 400;\"\u003eThickener\u003c/span\u003e\u003c/p\u003e\r\n\u003c/td\u003e\r\n\u003c/tr\u003e\r\n\u003ctr\u003e\r\n\u003ctd\u003e\r\n\u003cp\u003e\u003cspan style=\"font-weight: 400;\"\u003e Vinyl Pyrrolidone Copolymer\u003c/span\u003e\u003c/p\u003e\r\n\u003c/td\u003e\r\n\u003ctd\u003e\r\n\u003cp\u003e\u003cspan style=\"font-weight: 400;\"\u003eSynthetic\u003c/span\u003e\u003c/p\u003e\r\n\u003c/td\u003e\r\n\u003ctd\u003e\r\n\u003cp\u003e\u003cspan style=\"font-weight: 400;\"\u003eLab-Synthesized\u003c/span\u003e\u003c/p\u003e\r\n\u003c/td\u003e\r\n\u003ctd\u003e\r\n\u003cp\u003e\u003cspan style=\"font-weight: 400;\"\u003eThickening Agent\u003c/span\u003e\u003c/p\u003e\r\n\u003c/td\u003e\r\n\u003c/tr\u003e\r\n\u003ctr\u003e\r\n\u003ctd\u003e\r\n\u003cp\u003e\u003cspan style=\"font-weight: 400;\"\u003eGlyceryl Stearate\u003c/span\u003e\u003c/p\u003e\r\n\u003c/td\u003e\r\n\u003ctd\u003e\r\n\u003cp\u003e\u003cspan style=\"font-weight: 400;\"\u003eNatural\u003c/span\u003e\u003c/p\u003e\r\n\u003c/td\u003e\r\n\u003ctd\u003e\r\n\u003cp\u003e\u003cspan style=\"font-weight: 400;\"\u003ePlant-Based\u003c/span\u003e\u003c/p\u003e\r\n\u003c/td\u003e\r\n\u003ctd\u003e\r\n\u003cp\u003e\u003cspan style=\"font-weight: 400;\"\u003eEmollient\u003c/span\u003e\u003c/p\u003e\r\n\u003c/td\u003e\r\n\u003c/tr\u003e\r\n\u003ctr\u003e\r\n\u003ctd\u003e\r\n\u003cp\u003e\u003cspan style=\"font-weight: 400;\"\u003e Phenoxyethanol\u003c/span\u003e\u003c/p\u003e\r\n\u003c/td\u003e\r\n\u003ctd\u003e\r\n\u003cp\u003e\u003cspan style=\"font-weight: 400;\"\u003eSynthetic\u003c/span\u003e\u003c/p\u003e\r\n\u003c/td\u003e\r\n\u003ctd\u003e\r\n\u003cp\u003e\u003cspan style=\"font-weight: 400;\"\u003eLab-Synthesized\u003c/span\u003e\u003c/p\u003e\r\n\u003c/td\u003e\r\n\u003ctd\u003e\r\n\u003cp\u003e\u003cspan style=\"font-weight: 400;\"\u003ePreservative\u003c/span\u003e\u003c/p\u003e\r\n\u003c/td\u003e\r\n\u003c/tr\u003e\r\n\u003ctr\u003e\r\n\u003ctd\u003e\r\n\u003cp\u003e\u003cspan style=\"font-weight: 400;\"\u003eEthylhexylglycerin\u003c/span\u003e\u003c/p\u003e\r\n\u003c/td\u003e\r\n\u003ctd\u003e\r\n\u003cp\u003e\u003cspan style=\"font-weight: 400;\"\u003eNatural\u003c/span\u003e\u003c/p\u003e\r\n\u003c/td\u003e\r\n\u003ctd\u003e\r\n\u003cp\u003e\u003cspan style=\"font-weight: 400;\"\u003ePlant-Based\u003c/span\u003e\u003c/p\u003e\r\n\u003c/td\u003e\r\n\u003ctd\u003e\r\n\u003cp\u003e\u003cspan style=\"font-weight: 400;\"\u003eHumectant\u003c/span\u003e\u003c/p\u003e\r\n\u003c/td\u003e\r\n\u003c/tr\u003e\r\n\u003ctr\u003e\r\n\u003ctd\u003e\r\n\u003cp\u003e\u003cspan style=\"font-weight: 400;\"\u003eAquarich®\u003c/span\u003e\u003c/p\u003e\r\n\u003c/td\u003e\r\n\u003ctd\u003e\r\n\u003cp\u003e\u003cspan style=\"font-weight: 400;\"\u003eNatural \u003c/span\u003e\u003c/p\u003e\r\n\u003c/td\u003e\r\n\u003ctd\u003e\r\n\u003cp\u003e\u003cspan style=\"font-weight: 400;\"\u003ePlant-Based\u003c/span\u003e\u003c/p\u003e\r\n\u003c/td\u003e\r\n\u003ctd\u003e\r\n\u003cp\u003e\u003cspan style=\"font-weight: 400;\"\u003eMoisturizer\u003c/span\u003e\u003c/p\u003e\r\n\u003c/td\u003e\r\n\u003c/tr\u003e\r\n\u003ctr\u003e\r\n\u003ctd\u003e\r\n\u003cp\u003e\u003cspan style=\"font-weight: 400;\"\u003eBlack Oat Seed Extract\u003c/span\u003e\u003c/p\u003e\r\n\u003c/td\u003e\r\n\u003ctd\u003e\r\n\u003cp\u003e\u003cspan style=\"font-weight: 400;\"\u003eNatural\u003c/span\u003e\u003c/p\u003e\r\n\u003c/td\u003e\r\n\u003ctd\u003e\r\n\u003cp\u003e\u003cspan style=\"font-weight: 400;\"\u003ePlant-Based\u003c/span\u003e\u003c/p\u003e\r\n\u003c/td\u003e\r\n\u003ctd\u003e\r\n\u003cp\u003e\u003cspan style=\"font-weight: 400;\"\u003eHumectant\u003c/span\u003e\u003c/p\u003e\r\n\u003c/td\u003e\r\n\u003c/tr\u003e\r\n\u003ctr\u003e\r\n\u003ctd\u003e\r\n\u003cp\u003e\u003cspan style=\"font-weight: 400;\"\u003e Lecithin\u003c/span\u003e\u003c/p\u003e\r\n\u003c/td\u003e\r\n\u003ctd\u003e\r\n\u003cp\u003e\u003cspan style=\"font-weight: 400;\"\u003eNatural\u003c/span\u003e\u003c/p\u003e\r\n\u003c/td\u003e\r\n\u003ctd\u003e\r\n\u003cp\u003e\u003cspan style=\"font-weight: 400;\"\u003ePlant-Based\u003c/span\u003e\u003c/p\u003e\r\n\u003c/td\u003e\r\n\u003ctd\u003e\r\n\u003cp\u003e\u003cspan style=\"font-weight: 400;\"\u003eEmollient\u003c/span\u003e\u003c/p\u003e\r\n\u003c/td\u003e\r\n\u003c/tr\u003e\r\n\u003ctr\u003e\r\n\u003ctd\u003e\r\n\u003cp\u003e\u003cspan style=\"font-weight: 400;\"\u003ePotassium Sorbate\u003c/span\u003e\u003c/p\u003e\r\n\u003c/td\u003e\r\n\u003ctd\u003e\r\n\u003cp\u003e\u003cspan style=\"font-weight: 400;\"\u003eSynthetic\u003c/span\u003e\u003c/p\u003e\r\n\u003c/td\u003e\r\n\u003ctd\u003e\r\n\u003cp\u003e\u003cspan style=\"font-weight: 400;\"\u003eLab-Synthesized\u003c/span\u003e\u003c/p\u003e\r\n\u003c/td\u003e\r\n\u003ctd\u003e\r\n\u003cp\u003e\u003cspan style=\"font-weight: 400;\"\u003ePreservative\u003c/span\u003e\u003c/p\u003e\r\n\u003c/td\u003e\r\n\u003c/tr\u003e\r\n\u003ctr\u003e\r\n\u003ctd\u003e\r\n\u003cp\u003e\u003cspan style=\"font-weight: 400;\"\u003eCitric Acid\u003c/span\u003e\u003c/p\u003e\r\n\u003c/td\u003e\r\n\u003ctd\u003e\r\n\u003cp\u003e\u003cspan style=\"font-weight: 400;\"\u003eSynthetic\u003c/span\u003e\u003c/p\u003e\r\n\u003c/td\u003e\r\n\u003ctd\u003e\r\n\u003cp\u003e\u003cspan style=\"font-weight: 400;\"\u003eLab-Synthesized\u003c/span\u003e\u003c/p\u003e\r\n\u003c/td\u003e\r\n\u003ctd\u003e\r\n\u003cp\u003e\u003cspan style=\"font-weight: 400;\"\u003eExfoliant\u003c/span\u003e\u003c/p\u003e\r\n\u003c/td\u003e\r\n\u003c/tr\u003e\r\n\u003ctr\u003e\r\n\u003ctd\u003e\r\n\u003cp\u003e\u003cspan style=\"font-weight: 400;\"\u003eXanthan Gum\u003c/span\u003e\u003c/p\u003e\r\n\u003c/td\u003e\r\n\u003ctd\u003e\r\n\u003cp\u003e\u003cspan style=\"font-weight: 400;\"\u003eNatural\u003c/span\u003e\u003c/p\u003e\r\n\u003c/td\u003e\r\n\u003ctd\u003e\r\n\u003cp\u003e\u003cspan style=\"font-weight: 400;\"\u003ePlant-Based\u003c/span\u003e\u003c/p\u003e\r\n\u003c/td\u003e\r\n\u003ctd\u003e\r\n\u003cp\u003e\u003cspan style=\"font-weight: 400;\"\u003eThickener\u003c/span\u003e\u003c/p\u003e\r\n\u003c/td\u003e\r\n\u003c/tr\u003e\r\n\u003ctr\u003e\r\n\u003ctd\u003e\r\n\u003cp\u003e\u003cspan style=\"font-weight: 400;\"\u003eVitamin E\u003c/span\u003e\u003c/p\u003e\r\n\u003c/td\u003e\r\n\u003ctd\u003e\r\n\u003cp\u003e\u003cspan style=\"font-weight: 400;\"\u003eNatural\u003c/span\u003e\u003c/p\u003e\r\n\u003c/td\u003e\r\n\u003ctd\u003e\r\n\u003cp\u003e\u003cspan style=\"font-weight: 400;\"\u003ePlant-Based\u003c/span\u003e\u003c/p\u003e\r\n\u003c/td\u003e\r\n\u003ctd\u003e\r\n\u003cp\u003e\u003cspan style=\"font-weight: 400;\"\u003eMoisturizer\u003c/span\u003e\u003c/p\u003e\r\n\u003c/td\u003e\r\n\u003c/tr\u003e\r\n\u003ctr\u003e\r\n\u003ctd\u003e\r\n\u003cp\u003e\u003cspan style=\"font-weight: 400;\"\u003eDisodium EDTA\u003c/span\u003e\u003c/p\u003e\r\n\u003c/td\u003e\r\n\u003ctd\u003e\r\n\u003cp\u003e\u003cspan style=\"font-weight: 400;\"\u003eSynthetic\u003c/span\u003e\u003c/p\u003e\r\n\u003c/td\u003e\r\n\u003ctd\u003e\r\n\u003cp\u003e\u003cspan style=\"font-weight: 400;\"\u003eLab-Synthesized\u003c/span\u003e\u003c/p\u003e\r\n\u003c/td\u003e\r\n\u003ctd\u003e\r\n\u003cp\u003e\u003cspan style=\"font-weight: 400;\"\u003ePreservative\u003c/span\u003e\u003c/p\u003e\r\n\u003c/td\u003e\r\n\u003c/tr\u003e\r\n\u003ctr\u003e\r\n\u003ctd\u003e\r\n\u003cp\u003e\u003cspan style=\"font-weight: 400;\"\u003ePentaerythrityl Tetra-di-t-butyl Hydroxyhydrocinnamate\u003c/span\u003e\u003c/p\u003e\r\n\u003c/td\u003e\r\n\u003ctd\u003e\r\n\u003cp\u003e\u003cspan style=\"font-weight: 400;\"\u003eSynthetic\u003c/span\u003e\u003c/p\u003e\r\n\u003c/td\u003e\r\n\u003ctd\u003e\r\n\u003cp\u003e\u003cspan style=\"font-weight: 400;\"\u003eLab-Synthesized\u003c/span\u003e\u003c/p\u003e\r\n\u003c/td\u003e\r\n\u003ctd\u003e\r\n\u003cp\u003e\u003cspan style=\"font-weight: 400;\"\u003eAntioxidant\u003c/span\u003e\u003c/p\u003e\r\n\u003c/td\u003e\r\n\u003c/tr\u003e\r\n\u003ctr\u003e\r\n\u003ctd\u003e\r\n\u003cp\u003e\u003cspan style=\"font-weight: 400;\"\u003eIFRA Certified Allergen Free Fragrance\u003c/span\u003e\u003c/p\u003e\r\n\u003c/td\u003e\r\n\u003ctd\u003e\r\n\u003cp\u003e\u003cspan style=\"font-weight: 400;\"\u003eSynthetic\u003c/span\u003e\u003c/p\u003e\r\n\u003c/td\u003e\r\n\u003ctd\u003e\r\n\u003cp\u003e\u003cspan style=\"font-weight: 400;\"\u003eLab-Synthesized\u003c/span\u003e\u003c/p\u003e\r\n\u003c/td\u003e\r\n\u003ctd\u003e\r\n\u003cp\u003e\u003cspan style=\"font-weight: 400;\"\u003eFragrance\u003c/span\u003e\u003c/p\u003e\r\n\u003c/td\u003e\r\n\u003c/tr\u003e\r\n\u003c/tbody\u003e\r\n\u003c/table\u003e"},{"attribute_code":"attribute_value_7","value":"\u003cdiv id=\"faqs\"\u003e\r\n\u003cp\u003eIs rice oil-free moisturizer good for oily skin?\u003c/p\u003e\r\n\u003cp\u003eYes. An oil-free rice water face moisturizer that features rice water and Niacinamide is suitable for all skin types. It controls excess sebum production, minimizes the appearance of pores, and rebuilds the lipid layer. In addition, it also lightens dark spots, evens the skin tone, and makes the skin clearer like glass by providing 24-hour hydration.\u003c/p\u003e\r\n\u003cp\u003eWhich is the best niacinamide moisturizer?\u003c/p\u003e\r\n\u003cp\u003eThe best niacinamide moisturizer is the one that is backed by the goodness of natural ingredients and helps you achieve glass-like skin. This Mamaearth Rice Oil-Free Face Moisturizer should contain natural ingredients such as fermented Rice Water, Niacinamide, Black Oats, and Aloe Vera. All these ingredients help lighten dark spots and make the skin clear \u0026amp; radiant. They also lock in the essential moisture in the skin, thus keeping it hydrated and nourished. We advise you to pick Mamaearth Oil-Free Rice Moisturizer for Glass Skin if you’re looking for the best moisturizer for your face.\u003c/p\u003e\r\n\u003cp\u003eCan This Mamaearth Niacinamide Moisturizer Irritate My Sensitive Skin?\u003c/p\u003e\r\n\u003cp\u003eNo, this won’t. It’s made with the goodness of natural and calming ingredients such as Rice Water and Aloe Vera. However, we always recommend doing a patch test.\u003c/p\u003e\r\n\u003cp\u003eIs rice oil-free moisturizer good for the face?\u003c/p\u003e\r\n\u003cp\u003eYes. A rice water face moisturizer is beneficial for facial skin because it features the oil extracted from rice bran. It is rich in fatty acids and antioxidants, and thus has been used for centuries in Japan. This natural ingredient offers hydrating, moisturizing, and soothing properties. Rice oil also contains gamma-oryzanol, an important organic compound that activates sebum glands and prevents skin dryness. It also acts as a protective shield against UV and free radical damage.\u003c/p\u003e\r\n\u003cp\u003eWhat does niacinamide moisturizer do to your face?\u003c/p\u003e\r\n\u003cp\u003eRice water is a traditional South-Asian skincare remedy to enhance skin texture and complexion. It is advisable to opt for a rice oil-free face moisturizer that also features Niacinamide because it reduces skin pores and helps rebuild the lipid layer. Thus using a rice water face moisturizer brightens skin tone, keeps the skin supple, and gives 24-hour hydration.\u003c/p\u003e\r\n\u003cp\u003eIs rice cream a moisturizer?\u003c/p\u003e\r\n\u003cp\u003eRice cream is an excellent rice water moisturizer with niacinamide for every skin type, especially dry ones. It features the oil extracted from rice bran that is rich in fatty acids \u0026amp; antioxidants. It contains natural ingredients that offer hydrating, moisturizing, and skin-soothing properties. Also, it activates sebum glands that fight skin dryness and protects against UV damage.\u003c/p\u003e\r\n\u003cp\u003eIs Rice Moisturizer good for oily skin?\u003c/p\u003e\r\n\u003cp\u003eYes. An oil-free rice moisturizer that contains the goodness of Rice Water and Niacinamide is perfectly suitable for oily skin. It helps regulate sebum production, reduce the appearance of open pores, and construct the lipid layer. It also helps fade dark spots, evens the skin tone, and makes the skin clearer by providing 24-hour hydration.\u003c/p\u003e\r\n\u003cp\u003eIs Niacinamide Moisturizer good for the face?\u003c/p\u003e\r\n\u003cp\u003eYes, it is. Rice Water is rich in essential nutrients such as amino acids, vitamin E, antioxidants, and minerals. These nutrients restore skin health by providing skin cells hydration, nourishment, and shine. Further combined with other nourishing ingredients such as Niacinamide, Black Oats, and Aloe Vera, this milky white cream brightens, hydrates, and evens the skin tone. In addition, it comes with an oil-free formula that keeps skin moisturized without disturbing its moisture level and pH. In addition, Niacinamide in the ingredients helps control the sebum production in the skin while minimizing the appearance of pores.\u003c/p\u003e\r\n\u003cp\u003eWhich Niacinamide Moisturizer has no oil?\u003c/p\u003e\r\n\u003cp\u003eMamaearth Rice Oil Free Face Moisturizer does not contain oil. It is thus suitable for people who have oily and acne-prone skin.\u003c/p\u003e\r\n\u003cp\u003eWhat niacinamide moisturizer has no oil?\u003c/p\u003e\r\n\u003cp\u003eNiacinamide Moisturizers with an oil-free formula usually have no oil in their composition. If you are looking for a gentle formulation with calming ingredients and oil-free formula, you may like Mamaearth Rice water Moisturizer. It is made with gentler ingredients such as Rice Water, Niacinamide, Aloe Vera, and Black Oats. Applying this aloe vera rice moisturizer regularly provides 24-hour hydration along with a brightened skin tone and improved skin texture.\u003c/p\u003e\r\n\u003cp\u003eIs an oil-free face moisturizer good?\u003c/p\u003e\r\n\u003cp\u003eYes, it is. An oil-free face moisturizer with rice water works well for people who have oily and sensitive skin. Their skin also needs a specialized skincare product that provides adequate moisturization without disturbing pH levels. In addition, the hydrating agents present in the product’s formulation should lend optimal hydration to the skin to reveal a healthy and glowing skin texture. You may opt for Mamaearth’s Rice Oil Free Face Moisturizer. Applying it regularly provides 24-hour hydration along with a brightened skin tone and improved skin texture. This toxin-free face cream features nourishing ingredients such as Rice Water, Niacinamide, Aloe Vera, and Black Oats.\u003c/p\u003e\r\n\u003cp\u003eHow do you use this Mamaearth Rice Moisturizer?\u003c/p\u003e\r\n\u003cp\u003eCleanse your skin thoroughly using a sulfate-free face wash. Now, pump a generous amount of Mamaearth Rice water Moisturizer on your palm and dot it over your face for even distribution. Next, massage it gently until it is absorbed into the skin. Finally, layer this mamaearth rice moisturizer with your SPF to complete the process. You are all set to avail 24-hour hydration and a softer texture for your skin.\u003c/p\u003e\r\n\u003cp\u003eWhat are the benefits of using this Rice water Moisturizer?\u003c/p\u003e\r\n\u003cp\u003eMamaearth’s Rice Oil-Free Moisturizer is packed with safe and gentle ingredients that help brighten, hydrate, and deeply moisturize skin cells. Besides Rice Water, this face cream primarily features Black Oats and Aloe Vera that help it calm irritated skin and nourish it deeply for a natural glow. We recommend using it regularly for benefits like round-the-clock hydration and an improved skin texture.\u003c/p\u003e\r\n\u003c/div\u003e"},{"attribute_code":"special_from_date","value":"2025-02-20 00:00:00"}],"hide_in_front":0,"image":"/r/i/rice-oil-free-face-moisturizer_1.jpg","is_in_stock":true,"name":"Rice Oil-Free Face Moisturizer With Rice Water \u0026 Niacinamide for Glass Skin - 80 g","position":"15","price":"319.00","product_card_tags":"24-Hour Hydration | Brightens Skin Tone","review_count":136,"sku":"8906087779216","special_price":"","special_price_from_date":{"date":"2025-02-20 05:30:00","timezone_type":3,"timezone":"Asia/Kolkata"},"tags":"Low On Stock","url_key":"rice-oil-free-face-moisturizer-with-rice-water-niacinamide-for-glass-skin-80-g","imageAltTags":["Niacinamide Moisturizer","Rice moisturizer benefits","rice face Moisturizer ingredients","rice water Moisturizer with niacinamide","rice water face Moisturizer","rice face Moisturizer for for glass skin","Rice water Moisturizer for face","Rice Oil Free Face Moisturizer"],"product_subtitle_keys":["Buy 1 Get 1 FREE"," Moisturisers"," Rice"],"size":"80g","unitPrice":"3.99/g","old_productid":"717","generic_name":null},{"id":964,"tier_prices":[],"avg_rating_percent":100,"categories":[2,6,17,186,109,11,396,52,372],"created_at":"2023-06-08 11:18:07","custom_attributes":[{"attribute_code":"manufacturer","value":"Indo Herbal Products, Unit - 2, Plot No. 28-29, Sector 1B, IIE, SIDCUL, Ranipur, Haridwar, 249403 Regd. address:- C-84 Panchsheel Enclave, New Delhi – 110017 "},{"attribute_code":"meta_title","value":"Milky Soft Top to Toe Wash for Babies- 400ml | Mamaearth"},{"attribute_code":"meta_description","value":"Mamaearth milky soft head to toe wash moisturizes and soothes baby skin. Top to toe wash made with the goodness of oats, milk, and calendula for babies."},{"attribute_code":"image","value":"/1/_/1_123.jpg"},{"attribute_code":"small_image","value":"/1/_/1_123.jpg"},{"attribute_code":"thumbnail","value":"/1/_/1_123.jpg"},{"attribute_code":"options_container","value":"container2"},{"attribute_code":"small_image_label","value":"Milky Soft Top to Toe Wash"},{"attribute_code":"thumbnail_label","value":"Milky Soft Top to Toe Wash"},{"attribute_code":"country_of_manufacture","value":"IN"},{"attribute_code":"url_key","value":"top-to-toe-wash-for-babies"},{"attribute_code":"msrp_display_actual_price_type","value":"0"},{"attribute_code":"gift_message_available","value":"2"},{"attribute_code":"swatch_image","value":"/1/_/1_123.jpg"},{"attribute_code":"attribute_label_1","value":"About Milky Soft Head to Toe Wash"},{"attribute_code":"attribute_label_2","value":"Hero Ingredients"},{"attribute_code":"attribute_label_3","value":"How to Use"},{"attribute_code":"attribute_label_4","value":"Suitable For"},{"attribute_code":"attribute_label_5","value":"Why Mamaearth "},{"attribute_code":"attribute_label_6","value":"Ingredient List"},{"attribute_code":"attribute_label_7","value":"FAQs"},{"attribute_code":"best_before","value":"18 Months"},{"attribute_code":"dimensions","value":"10 * 5 * 5 cm"},{"attribute_code":"ean_code","value":"8904417308129"},{"attribute_code":"mrp","value":"499"},{"attribute_code":"old_productid","value":"982"},{"attribute_code":"tags","value":"Last Few Bottles Left!"},{"attribute_code":"marketed_by","value":"Honasa Consumer Limited, 10th and 11th Floor, Capital Cyberscape, Sector 59, Gurugram, Haryana, 122101"},{"attribute_code":"live_url","value":"https://mamaearth.in/product/top-to-toe-wash-for-babies"},{"attribute_code":"license_no","value":"20/C/U.A/2010"},{"attribute_code":"length","value":"10"},{"attribute_code":"google_category","value":"4678"},{"attribute_code":"cms_sequence","value":"1,2,3,4,5,6,7,8"},{"attribute_code":"width","value":"5"},{"attribute_code":"height","value":"5"},{"attribute_code":"breadcrumb_category","value":"186","title":"Baby Body Wash","url_key":"baby-body-wash"},{"attribute_code":"custom_product_type","value":"be_baby"},{"attribute_code":"brand","value":"4"},{"attribute_code":"product_card_tags","value":"2-in-1 Tear-Free Body Wash \u0026 Shampoo | Moisturizes and Soothes Skin "},{"attribute_code":"saving_scheme","value":"price_per_100_ml"},{"attribute_code":"product_subtitle_keys","value":"Buy 1 Get 1 FREE, Head to Toe, 2-in-1"},{"attribute_code":"is_suitable_for_skin_type","value":"465","label":"normal"},{"attribute_code":"skin_goals","value":"467,471","label":"moisturization, cleansing"},{"attribute_code":"tax_class_id","value":"2"},{"attribute_code":"create_scarcity","value":"0"},{"attribute_code":"hide_product_infront","value":"0"},{"attribute_code":"show_in_feed","value":"1"},{"attribute_code":"base_category","value":"84"},{"attribute_code":"base_sub_category","value":"43"},{"attribute_code":"show_price_per_unit","value":"1"},{"attribute_code":"volume","value":"400"},{"attribute_code":"enable_fbt_popup","value":"0"},{"attribute_code":"enable_product_for_wa_commerce","value":"0"},{"attribute_code":"strikethrough","value":"1"},{"attribute_code":"baby_heat_to_toe_wash","value":"537"},{"attribute_code":"meta_keyword","value":"Head to Toe Wash, Shampoo and Body Wash, Body Wash for Babies, Head to Toe Wash for Babies, Multipurpose Wash for Babies, 2-in-1 Body Wash and Shampoo, Baby Body Wash, Baby Shampoo, Baby Care, Baby Body Care, Baby Hair Care, Natural Baby Care, Natural, Moisturizing, Nourishing, Soothing, Hydrating"},{"attribute_code":"tag_keywords","value":"Head to Toe Wash, Shampoo and Body Wash, Body Wash for Babies, Head to Toe Wash for Babies, Multipurpose Wash for Babies, 2-in-1 Body Wash and Shampoo, Baby Body Wash, Baby Shampoo, Baby Care, Baby Body Care, Baby Hair Care, Natural Baby Care, Natural, Moisturizing, Nourishing, Soothing, Hydrating"},{"attribute_code":"short_description","value":"\u003cp style=\"text-align: justify;\"\u003eHello there! I am Mamaearth Milky Soft Head to Toe Wash \u0026 I’m here to cleanse and nourish your little one’s skin and hair. I am a gentle 2-in-1 Body Wash and Shampoo, crafted with the natural goodness of Milk, Oats, and Calendula. You don’t need too many bottles while bathing your little one now - just one to make time bath time convenient and goodness-filled.\u003cbr/\u003eI gently cleanse your baby’s scalp, hair, and skin while retaining essential moisture. Thanks to the Oats \u0026 Milk, I deeply moisturize and soften your baby’s hair and skin. I also come with the skin-soothing benefits of Calendula which calms irritated skin, leaving it soft and supple. And guess what? I come with a pH balanced \u0026 tear-free formula which means no more tears, only happy giggles.\u003cbr/\u003eYou’ll also be delighted to know that I am dermatologically tested and Made Safe Certified, which means you won’t find any Silicones, Parabens, mineral oil \u0026 dyes in me. \u003c/p\u003e"},{"attribute_code":"attribute_value_1","value":"\u003cdiv class=\"list-banner\"\u003e\u003cimg src=\"https://images.mamaearth.in/wysiwyg/All-Aplus/_400-ml-Milky-Soft-Head-to-Toe-Wash-A%2B.jpg\" alt=\"mamaearth top to toe wash\" width=\"970\" height=\"auto\" /\u003e\r\n\u003cp style=\"text-align: center;\"\u003eHead to Toe Wash\u003c/p\u003e\r\n\u003c/div\u003e"},{"attribute_code":"attribute_value_2","value":"\u003cul class=\"woodmart-list\"\u003e\r\n\u003cli\u003e\r\n\u003cdiv class=\"list-icon\"\u003e\u003cimg loading=\"lazy\" src=\"https://images.mamaearth.in/wysiwyg/07-06-2023/7.jpg\" alt=\"Milky Soft Head to Toe Wash with milk\" width=\"176\" height=\"176\" /\u003e\u003c/div\u003e\r\n\u003cspan class=\"list-content\" style=\"text-align: justify;\"\u003e\u003cstrong\u003eMilk: \u003c/strong\u003e It moisturizes the skin and soothes irritation. \u003c/span\u003e\u003c/li\u003e\r\n\u003cli\u003e\r\n\u003cdiv class=\"list-icon\"\u003e\u003cimg loading=\"lazy\" src=\"https://images.mamaearth.in/wysiwyg/07-06-2023/8.jpg\" alt=\"Milky Soft Head to Toe Wash with oats\" width=\"176\" height=\"176\" /\u003e\u003c/div\u003e\r\n\u003cspan class=\"list-content\" style=\"text-align: justify;\"\u003e\u003cstrong\u003eOats: \u003c/strong\u003e Packed with antibacterial properties, it helps keep infections at bay. \u003c/span\u003e\u003c/li\u003e\r\n\u003cli\u003e\r\n\u003cdiv class=\"list-icon\"\u003e\u003cimg loading=\"lazy\" src=\"https://images.mamaearth.in/wysiwyg/07-06-2023/9.jpg\" alt=\"Milky Soft Head to Toe Wash with calendula\" width=\"176\" height=\"176\" /\u003e \u003c/div\u003e\r\n\u003cspan class=\"list-content\" style=\"text-align: justify;\"\u003e\u003cstrong\u003eCalendula: \u003c/strong\u003eRich in vitamin E \u0026amp; amino acids, it deeply nourishes skin. \u003c/span\u003e\u003c/li\u003e\r\n\u003c/ul\u003e"},{"attribute_code":"attribute_value_3","value":"\u003cul\u003e\r\n\u003cli\u003e\u003cspan class=\"list-content\"\u003e\u003cstrong\u003eStep 1 : \u003c/strong\u003ePump out the head to toe wash out onto a wet washcloth or on your hands.\u003c/span\u003e\u003c/li\u003e\r\n\u003cli\u003e\u003cspan class=\"list-content\"\u003e\u003cstrong\u003eStep 2 : \u003c/strong\u003eApply on baby’s body and hair. \u003c/span\u003e\u003c/li\u003e\r\n\u003cli\u003e\u003cspan class=\"list-content\"\u003e\u003cstrong\u003eStep 3 : \u003c/strong\u003eLather, giggle and rinse.\u003c/span\u003e\u003c/li\u003e\r\n\u003c/ul\u003e"},{"attribute_code":"attribute_value_4","value":"\u003cul style=\"list-style: disc; padding-left: 1em;\"\u003e\r\n\u003cli\u003e\u003cspan class=\"list-content\"\u003eSuitable for newborns as well as older kids\u003c/span\u003e\u003c/li\u003e\r\n\u003cli\u003e\u003cspan class=\"list-content\"\u003eCan be used for all skin types\u003c/span\u003e\u003c/li\u003e\r\n\u003c/ul\u003e"},{"attribute_code":"attribute_value_5","value":"\u003cul class=\"compare-list\"\u003e\r\n\u003cli\u003e\r\n\u003cdiv class=\"compare-img\"\u003e\u003cimg loading=\"lazy\" src=\"https://images.mamaearth.in/wysiwyg/07-06-2023/1%20%281%29.jpg\" alt=\"Milky Soft Head to Toe Wash\" width=\"1201\" height=\"1200\" /\u003e\u003c/div\u003e\r\n\u003cdiv class=\"compare-content\"\u003e\r\n\u003cul\u003e\r\n\u003cli\u003e2-in-1 Body Wash \u0026amp; Shampoo\u003c/li\u003e\r\n\u003cli\u003eTear-Free Formula\u003c/li\u003e\r\n\u003cli\u003epH Balanced\u003c/li\u003e\r\n\u003cli\u003eDermatologically Tested\u003c/li\u003e\r\n\u003cli\u003eMade Safe Certified\u003c/li\u003e\r\n\u003c/ul\u003e\r\n\u003c/div\u003e\r\n\u003c/li\u003e\r\n\u003cli\u003e\r\n\u003cdiv class=\"compare-img\"\u003e\u003cimg loading=\"lazy\" src=\"https://images.mamaearth.in/wysiwyg/14-07-22/Body%20Lotion.png\" alt=\"\" /\u003e\u003c/div\u003e\r\n\u003cdiv class=\"compare-content\"\u003e\r\n\u003cul\u003e\r\n\u003cli\u003eNot Multi-purpose\u003c/li\u003e\r\n\u003cli\u003eNot Tear-Free\u003c/li\u003e\r\n\u003cli\u003eNot pH Balanced\u003c/li\u003e\r\n\u003cli\u003eNot Dermatologically Tested\u003c/li\u003e\r\n\u003cli\u003eMade Safe Certified\u003c/li\u003e\r\n\u003c/ul\u003e\r\n\u003c/div\u003e\r\n\u003c/li\u003e\r\n\u003c/ul\u003e"},{"attribute_code":"attribute_value_6","value":"\u003ctable\u003e\r\n\u003ctbody\u003e\r\n\u003ctr\u003e\r\n\u003ctd\u003e\r\n\u003cp\u003e\u003cstrong\u003eIngredients\u003c/strong\u003e\u003c/p\u003e\r\n\u003c/td\u003e\r\n\u003ctd\u003e\r\n\u003cp\u003e\u003cstrong\u003eType\u003c/strong\u003e\u003c/p\u003e\r\n\u003c/td\u003e\r\n\u003ctd\u003e\r\n\u003cp\u003e\u003cstrong\u003eWhere It Comes From?\u003c/strong\u003e\u003c/p\u003e\r\n\u003c/td\u003e\r\n\u003ctd\u003e\r\n\u003cp\u003e\u003cstrong\u003eHow It Helps?\u003c/strong\u003e\u003c/p\u003e\r\n\u003c/td\u003e\r\n\u003c/tr\u003e\r\n\u003ctr\u003e\r\n\u003ctd\u003e\u003cbr /\u003e\r\n\u003cp\u003e\u003cspan style=\"font-weight: 400;\"\u003eAqua\u003c/span\u003e\u003c/p\u003e\r\n\u003c/td\u003e\r\n\u003ctd\u003e\r\n\u003cp\u003e\u003cspan style=\"font-weight: 400;\"\u003eNatural\u003c/span\u003e\u003c/p\u003e\r\n\u003c/td\u003e\r\n\u003ctd\u003e\r\n\u003cp\u003e\u003cspan style=\"font-weight: 400;\"\u003eWater\u003c/span\u003e\u003c/p\u003e\r\n\u003c/td\u003e\r\n\u003ctd\u003e\r\n\u003cp\u003e\u003cspan style=\"font-weight: 400;\"\u003eDiluent \u003c/span\u003e\u003c/p\u003e\r\n\u003c/td\u003e\r\n\u003c/tr\u003e\r\n\u003ctr\u003e\r\n\u003ctd\u003e\r\n\u003cp\u003e\u003cspan style=\"font-weight: 400;\"\u003eCocamidopropyl Betaine\u003c/span\u003e\u003c/p\u003e\r\n\u003c/td\u003e\r\n\u003ctd\u003e\r\n\u003cp\u003e\u003cspan style=\"font-weight: 400;\"\u003eNatural\u003c/span\u003e\u003c/p\u003e\r\n\u003c/td\u003e\r\n\u003ctd\u003e\r\n\u003cp\u003e\u003cspan style=\"font-weight: 400;\"\u003ePlant-Based\u003c/span\u003e\u003c/p\u003e\r\n\u003c/td\u003e\r\n\u003ctd\u003e\r\n\u003cp\u003e\u003cspan style=\"font-weight: 400;\"\u003eSurfactant\u003c/span\u003e\u003c/p\u003e\r\n\u003c/td\u003e\r\n\u003c/tr\u003e\r\n\u003ctr\u003e\r\n\u003ctd\u003e\r\n\u003cp\u003e\u003cspan style=\"font-weight: 400;\"\u003eGlycerin\u003c/span\u003e\u003c/p\u003e\r\n\u003c/td\u003e\r\n\u003ctd\u003e\r\n\u003cp\u003e\u003cspan style=\"font-weight: 400;\"\u003eNatural\u003c/span\u003e\u003c/p\u003e\r\n\u003c/td\u003e\r\n\u003ctd\u003e\r\n\u003cp\u003e\u003cspan style=\"font-weight: 400;\"\u003ePlant-Based\u003c/span\u003e\u003c/p\u003e\r\n\u003c/td\u003e\r\n\u003ctd\u003e\r\n\u003cp\u003e\u003cspan style=\"font-weight: 400;\"\u003eHumectant\u003c/span\u003e\u003c/p\u003e\r\n\u003c/td\u003e\r\n\u003c/tr\u003e\r\n\u003ctr\u003e\r\n\u003ctd\u003e\r\n\u003cp\u003e\u003cspan style=\"font-weight: 400;\"\u003eCaprylyl/Capryl Glucoside\u003c/span\u003e\u003c/p\u003e\r\n\u003c/td\u003e\r\n\u003ctd\u003e\r\n\u003cp\u003e\u003cspan style=\"font-weight: 400;\"\u003eNatural\u003c/span\u003e\u003c/p\u003e\r\n\u003c/td\u003e\r\n\u003ctd\u003e\r\n\u003cp\u003e\u003cspan style=\"font-weight: 400;\"\u003ePlant-Based\u003c/span\u003e\u003c/p\u003e\r\n\u003c/td\u003e\r\n\u003ctd\u003e\r\n\u003cp\u003e\u003cspan style=\"font-weight: 400;\"\u003eSurfactant\u003c/span\u003e\u003c/p\u003e\r\n\u003c/td\u003e\r\n\u003c/tr\u003e\r\n\u003ctr\u003e\r\n\u003ctd\u003e\r\n\u003cp\u003e\u003cspan style=\"font-weight: 400;\"\u003eSodium Methyl Cocoyl Taurate\u003c/span\u003e\u003c/p\u003e\r\n\u003c/td\u003e\r\n\u003ctd\u003e\r\n\u003cp\u003e\u003cspan style=\"font-weight: 400;\"\u003eNatural\u003c/span\u003e\u003c/p\u003e\r\n\u003c/td\u003e\r\n\u003ctd\u003e\r\n\u003cp\u003e\u003cspan style=\"font-weight: 400;\"\u003ePlant-Based\u003c/span\u003e\u003c/p\u003e\r\n\u003c/td\u003e\r\n\u003ctd\u003e\r\n\u003cp\u003e\u003cspan style=\"font-weight: 400;\"\u003eSurfactant\u003c/span\u003e\u003c/p\u003e\r\n\u003c/td\u003e\r\n\u003c/tr\u003e\r\n\u003ctr\u003e\r\n\u003ctd\u003e\u003cbr /\u003e\r\n\u003cp\u003e\u003cspan style=\"font-weight: 400;\"\u003eDecyl Glucoside\u003c/span\u003e\u003c/p\u003e\r\n\u003c/td\u003e\r\n\u003ctd\u003e\r\n\u003cp\u003e\u003cspan style=\"font-weight: 400;\"\u003eNatural\u003c/span\u003e\u003c/p\u003e\r\n\u003c/td\u003e\r\n\u003ctd\u003e\r\n\u003cp\u003e\u003cspan style=\"font-weight: 400;\"\u003ePlant-Based\u003c/span\u003e\u003c/p\u003e\r\n\u003c/td\u003e\r\n\u003ctd\u003e\r\n\u003cp\u003e\u003cspan style=\"font-weight: 400;\"\u003eHumectant\u003c/span\u003e\u003c/p\u003e\r\n\u003c/td\u003e\r\n\u003c/tr\u003e\r\n\u003ctr\u003e\r\n\u003ctd\u003e\r\n\u003cp\u003e\u003cspan style=\"font-weight: 400;\"\u003eSodium Methyl 2-Sulfolaurate\u003c/span\u003e\u003c/p\u003e\r\n\u003c/td\u003e\r\n\u003ctd\u003e\r\n\u003cp\u003e\u003cspan style=\"font-weight: 400;\"\u003eSynthetic\u003c/span\u003e\u003c/p\u003e\r\n\u003c/td\u003e\r\n\u003ctd\u003e\r\n\u003cp\u003e\u003cspan style=\"font-weight: 400;\"\u003eLab-Synthesized\u003c/span\u003e\u003c/p\u003e\r\n\u003c/td\u003e\r\n\u003ctd\u003e\r\n\u003cp\u003e\u003cspan style=\"font-weight: 400;\"\u003eNatural Surfactant\u003c/span\u003e\u003c/p\u003e\r\n\u003c/td\u003e\r\n\u003c/tr\u003e\r\n\u003ctr\u003e\r\n\u003ctd\u003e\r\n\u003cp\u003e\u003cspan style=\"font-weight: 400;\"\u003eDisodium 2-Sulfolaurate\u003c/span\u003e\u003c/p\u003e\r\n\u003c/td\u003e\r\n\u003ctd\u003e\r\n\u003cp\u003e\u003cspan style=\"font-weight: 400;\"\u003eSynthetic\u003c/span\u003e\u003c/p\u003e\r\n\u003c/td\u003e\r\n\u003ctd\u003e\r\n\u003cp\u003e\u003cspan style=\"font-weight: 400;\"\u003eLab-Synthesized\u003c/span\u003e\u003c/p\u003e\r\n\u003c/td\u003e\r\n\u003ctd\u003e\r\n\u003cp\u003e\u003cspan style=\"font-weight: 400;\"\u003eSurfactant\u003c/span\u003e\u003c/p\u003e\r\n\u003c/td\u003e\r\n\u003c/tr\u003e\r\n\u003ctr\u003e\r\n\u003ctd\u003e\r\n\u003cp\u003e\u003cspan style=\"font-weight: 400;\"\u003ePropylene Glycol\u003c/span\u003e\u003c/p\u003e\r\n\u003c/td\u003e\r\n\u003ctd\u003e\r\n\u003cp\u003e\u003cspan style=\"font-weight: 400;\"\u003eNatural\u003c/span\u003e\u003c/p\u003e\r\n\u003c/td\u003e\r\n\u003ctd\u003e\r\n\u003cp\u003e\u003cspan style=\"font-weight: 400;\"\u003ePlant-Based\u003c/span\u003e\u003c/p\u003e\r\n\u003c/td\u003e\r\n\u003ctd\u003e\r\n\u003cp\u003e\u003cspan style=\"font-weight: 400;\"\u003eHumectant\u003c/span\u003e\u003c/p\u003e\r\n\u003c/td\u003e\r\n\u003c/tr\u003e\r\n\u003ctr\u003e\r\n\u003ctd\u003e\r\n\u003cp\u003e\u003cspan style=\"font-weight: 400;\"\u003eCeteareth-60 Myristyl Glycol\u003c/span\u003e\u003c/p\u003e\r\n\u003c/td\u003e\r\n\u003ctd\u003e\r\n\u003cp\u003e\u003cspan style=\"font-weight: 400;\"\u003eSynthetic\u003c/span\u003e\u003c/p\u003e\r\n\u003c/td\u003e\r\n\u003ctd\u003e\r\n\u003cp\u003e\u003cspan style=\"font-weight: 400;\"\u003eLab-Synthesized\u003c/span\u003e\u003c/p\u003e\r\n\u003c/td\u003e\r\n\u003ctd\u003e\r\n\u003cp\u003e\u003cspan style=\"font-weight: 400;\"\u003eSurfactant\u003c/span\u003e\u003c/p\u003e\r\n\u003c/td\u003e\r\n\u003c/tr\u003e\r\n\u003ctr\u003e\r\n\u003ctd\u003e\r\n\u003cp\u003e\u003cspan style=\"font-weight: 400;\"\u003eGlyceryl Stearate\u003c/span\u003e\u003c/p\u003e\r\n\u003c/td\u003e\r\n\u003ctd\u003e\r\n\u003cp\u003e\u003cspan style=\"font-weight: 400;\"\u003eNatural\u003c/span\u003e\u003c/p\u003e\r\n\u003c/td\u003e\r\n\u003ctd\u003e\r\n\u003cp\u003e\u003cspan style=\"font-weight: 400;\"\u003ePlant-Based\u003c/span\u003e\u003c/p\u003e\r\n\u003c/td\u003e\r\n\u003ctd\u003e\r\n\u003cp\u003e\u003cspan style=\"font-weight: 400;\"\u003eMoisturizer\u003c/span\u003e\u003c/p\u003e\r\n\u003c/td\u003e\r\n\u003c/tr\u003e\r\n\u003ctr\u003e\r\n\u003ctd\u003e\r\n\u003cp\u003e\u003cspan style=\"font-weight: 400;\"\u003eIFRA Certified Allergen Free Fragrance\u003c/span\u003e\u003c/p\u003e\r\n\u003c/td\u003e\r\n\u003ctd\u003e\r\n\u003cp\u003e\u003cspan style=\"font-weight: 400;\"\u003eSynthetic\u003c/span\u003e\u003c/p\u003e\r\n\u003c/td\u003e\r\n\u003ctd\u003e\u003cbr /\u003e\r\n\u003cp\u003e\u003cspan style=\"font-weight: 400;\"\u003eLab-Synthesized\u003c/span\u003e\u003c/p\u003e\r\n\u003c/td\u003e\r\n\u003ctd\u003e\r\n\u003cp\u003e\u003cspan style=\"font-weight: 400;\"\u003eFragrance\u003c/span\u003e\u003c/p\u003e\r\n\u003c/td\u003e\r\n\u003c/tr\u003e\r\n\u003ctr\u003e\r\n\u003ctd\u003e\r\n\u003cp\u003e\u003cspan style=\"font-weight: 400;\"\u003eSodium Benzoate\u003c/span\u003e\u003c/p\u003e\r\n\u003c/td\u003e\r\n\u003ctd\u003e\r\n\u003cp\u003e\u003cspan style=\"font-weight: 400;\"\u003eSynthetic\u003c/span\u003e\u003c/p\u003e\r\n\u003c/td\u003e\r\n\u003ctd\u003e\r\n\u003cp\u003e\u003cspan style=\"font-weight: 400;\"\u003eLab-Synthesized\u003c/span\u003e\u003c/p\u003e\r\n\u003c/td\u003e\r\n\u003ctd\u003e\r\n\u003cp\u003e\u003cspan style=\"font-weight: 400;\"\u003ePreservative\u003c/span\u003e\u003c/p\u003e\r\n\u003c/td\u003e\r\n\u003c/tr\u003e\r\n\u003ctr\u003e\r\n\u003ctd\u003e\r\n\u003cp\u003e\u003cspan style=\"font-weight: 400;\"\u003ePolyquaternium 10\u003c/span\u003e\u003c/p\u003e\r\n\u003c/td\u003e\r\n\u003ctd\u003e\r\n\u003cp\u003e\u003cspan style=\"font-weight: 400;\"\u003eNatural\u003c/span\u003e\u003c/p\u003e\r\n\u003c/td\u003e\r\n\u003ctd\u003e\r\n\u003cp\u003e\u003cspan style=\"font-weight: 400;\"\u003ePlant-Based\u003c/span\u003e\u003c/p\u003e\r\n\u003c/td\u003e\r\n\u003ctd\u003e\r\n\u003cp\u003e\u003cspan style=\"font-weight: 400;\"\u003eConditioning Agent\u003c/span\u003e\u003c/p\u003e\r\n\u003c/td\u003e\r\n\u003c/tr\u003e\r\n\u003ctr\u003e\r\n\u003ctd\u003e\r\n\u003cp\u003e\u003cspan style=\"font-weight: 400;\"\u003eXanthan Gum\u003c/span\u003e\u003c/p\u003e\r\n\u003c/td\u003e\r\n\u003ctd\u003e\r\n\u003cp\u003e\u003cspan style=\"font-weight: 400;\"\u003eNatural\u003c/span\u003e\u003c/p\u003e\r\n\u003c/td\u003e\r\n\u003ctd\u003e\r\n\u003cp\u003e\u003cspan style=\"font-weight: 400;\"\u003ePlant-Based\u003c/span\u003e\u003c/p\u003e\r\n\u003c/td\u003e\r\n\u003ctd\u003e\r\n\u003cp\u003e\u003cspan style=\"font-weight: 400;\"\u003eThickening Agent\u003c/span\u003e\u003c/p\u003e\r\n\u003c/td\u003e\r\n\u003c/tr\u003e\r\n\u003ctr\u003e\r\n\u003ctd\u003e\r\n\u003cp\u003e\u003cspan style=\"font-weight: 400;\"\u003ePotassium Sorbate\u003c/span\u003e\u003c/p\u003e\r\n\u003c/td\u003e\r\n\u003ctd\u003e\r\n\u003cp\u003e\u003cspan style=\"font-weight: 400;\"\u003eSynthetic\u003c/span\u003e\u003c/p\u003e\r\n\u003c/td\u003e\r\n\u003ctd\u003e\r\n\u003cp\u003e\u003cspan style=\"font-weight: 400;\"\u003eLab-Synthesized\u003c/span\u003e\u003c/p\u003e\r\n\u003c/td\u003e\r\n\u003ctd\u003e\r\n\u003cp\u003e\u003cspan style=\"font-weight: 400;\"\u003ePreservative\u003c/span\u003e\u003c/p\u003e\r\n\u003c/td\u003e\r\n\u003c/tr\u003e\r\n\u003ctr\u003e\r\n\u003ctd\u003e\r\n\u003cp\u003e\u003cspan style=\"font-weight: 400;\"\u003eCalendula Officinalis (Calendula) Flower Extract\u003c/span\u003e\u003c/p\u003e\r\n\u003c/td\u003e\r\n\u003ctd\u003e\r\n\u003cp\u003e\u003cspan style=\"font-weight: 400;\"\u003eNatural\u003c/span\u003e\u003c/p\u003e\r\n\u003c/td\u003e\r\n\u003ctd\u003e\r\n\u003cp\u003e\u003cspan style=\"font-weight: 400;\"\u003ePlant-Based\u003c/span\u003e\u003c/p\u003e\r\n\u003c/td\u003e\r\n\u003ctd\u003e\r\n\u003cp\u003e\u003cspan style=\"font-weight: 400;\"\u003eSkin-Soothing Agent\u003c/span\u003e\u003cspan style=\"font-weight: 400;\"\u003e\u003cbr /\u003e\u003c/span\u003e\u003cspan style=\"font-weight: 400;\"\u003eMoisturizer\u003c/span\u003e\u003c/p\u003e\r\n\u003c/td\u003e\r\n\u003c/tr\u003e\r\n\u003ctr\u003e\r\n\u003ctd\u003e\r\n\u003cp\u003e\u003cspan style=\"font-weight: 400;\"\u003eAvena Sativa (Oat) Kernel Extract\u003c/span\u003e\u003c/p\u003e\r\n\u003c/td\u003e\r\n\u003ctd\u003e\r\n\u003cp\u003e\u003cspan style=\"font-weight: 400;\"\u003eNatural\u003c/span\u003e\u003c/p\u003e\r\n\u003c/td\u003e\r\n\u003ctd\u003e\r\n\u003cp\u003e\u003cspan style=\"font-weight: 400;\"\u003ePlant-Based\u003c/span\u003e\u003c/p\u003e\r\n\u003c/td\u003e\r\n\u003ctd\u003e\r\n\u003cp\u003e\u003cspan style=\"font-weight: 400;\"\u003eMoisturizer\u003c/span\u003e\u003c/p\u003e\r\n\u003c/td\u003e\r\n\u003c/tr\u003e\r\n\u003ctr\u003e\r\n\u003ctd\u003e\r\n\u003cp\u003e\u003cspan style=\"font-weight: 400;\"\u003eCitric Acid\u003c/span\u003e\u003c/p\u003e\r\n\u003c/td\u003e\r\n\u003ctd\u003e\r\n\u003cp\u003e\u003cspan style=\"font-weight: 400;\"\u003eNatural\u003c/span\u003e\u003c/p\u003e\r\n\u003c/td\u003e\r\n\u003ctd\u003e\r\n\u003cp\u003e\u003cspan style=\"font-weight: 400;\"\u003ePlant-Based\u003c/span\u003e\u003c/p\u003e\r\n\u003c/td\u003e\r\n\u003ctd\u003e\r\n\u003cp\u003e\u003cspan style=\"font-weight: 400;\"\u003ePreservative\u003c/span\u003e\u003c/p\u003e\r\n\u003c/td\u003e\r\n\u003c/tr\u003e\r\n\u003ctr\u003e\r\n\u003ctd\u003e\r\n\u003cp\u003e\u003cspan style=\"font-weight: 400;\"\u003eHydrolyzed Milk Protein\u003c/span\u003e\u003c/p\u003e\r\n\u003c/td\u003e\r\n\u003ctd\u003e\r\n\u003cp\u003e\u003cspan style=\"font-weight: 400;\"\u003eNatural\u003c/span\u003e\u003c/p\u003e\r\n\u003c/td\u003e\r\n\u003ctd\u003e\r\n\u003cp\u003e\u003cspan style=\"font-weight: 400;\"\u003eDairy\u003c/span\u003e\u003c/p\u003e\r\n\u003c/td\u003e\r\n\u003ctd\u003e\r\n\u003cp\u003e\u003cspan style=\"font-weight: 400;\"\u003eMoisturizer\u003c/span\u003e\u003c/p\u003e\r\n\u003c/td\u003e\r\n\u003c/tr\u003e\r\n\u003c/tbody\u003e\r\n\u003c/table\u003e"},{"attribute_code":"attribute_value_7","value":"\u003cdiv id=\"faqs\"\u003e\r\n\u003cp\u003eHow to use Head-to-Toe wash?\u003c/p\u003e\r\n\u003cp\u003eFirst, to use Mamaearth Milky Soft Head-to-Toe Wash, pump out the body wash onto a wet washcloth or on your hands. Next, apply on the baby’s body and hair. Finally, massage gently on the body and then rinse it with mild water.\u003c/p\u003e\r\n\u003cp\u003eWhat is the Head to Toe wash price?\u003c/p\u003e\r\n\u003cp\u003eThe price of Mamaearth Soft Head to Toe Wash is INR 429 for a 400ml pack.\u003c/p\u003e\r\n\u003cp\u003eWhat is the Head to toe wash ingredients?\u003c/p\u003e\r\n\u003cp\u003eMamaearth Milky Soft Head to Toe Wash is loaded with Milk, Oats, and Calendula. These ingredients moisturize the skin and soothe skin irritation. Packed with antibacterial properties and Vitamins E \u0026amp; amino acids, it deeply nourishes the skin and keeps infections at bay. It is a tear-free \u0026amp; MadeSafe formulation that adds nourishment to your baby’s skin while gently cleansing it of impurities.\u003c/p\u003e\r\n\u003cp\u003eWhat is a head-to-toe bath?\u003c/p\u003e\r\n\u003cp\u003eA head-to-toe bath usually means a gentle, cleansing bath using good soap or body wash. Milky Soft Head To Toe Bath Wash by Mamaearth gives your baby’s skin intense nourishment with the goodness of Milk Protein, Oats, and Calendula.\u003c/p\u003e\r\n\u003cp\u003eMy Child Has Sensitive Skin. Is It Safe to Apply This?\u003c/p\u003e\r\n\u003cp\u003eYes, Milky Soft Head to Toe Wash is suitable for sensitive skin. However, we always recommend doing a patch test first.\u003c/p\u003e\r\n\u003cp\u003eWill This Irritate My Child’s Eyes?\u003c/p\u003e\r\n\u003cp\u003eNo, it won’t. Milky Soft Head to Toe Wash has a tear-free formula and it will not irritate your child’s eyes.\u003c/p\u003e\r\n\u003cp\u003eCan It Be Used on The Face?\u003c/p\u003e\r\n\u003cp\u003eYes, Milky Soft Head to Toe Wash is a 2-in-1 Body Wash \u0026amp; Shampoo and is absolutely suitable for the face.\u003c/p\u003e\r\n\u003cp\u003eWhat is head to toe wash?\u003c/p\u003e\r\n\u003cp\u003eHead-to-Toe wash is a unique soap-free formulation to give your baby long-lasting hydration without disrupting the skin’s pH. Babies have delicate and sensitive skin, so healthcare professionals recommend using safe and toxin-free baby bath products to preserve the skin’s natural oils. In this light, we recommend you try Mamaearth Milky Soft Head-to-Toe Bath Wash featuring Milk, Oats, and Calendula. Rich in vitamin E, amino acids, and antioxidants, it gently cleanses and nourishes a newborn’s gentle skin. This baby body wash has calming effects on sensitive skin because of the beneficial properties of Calendula, leaving it smooth and silky. With its pH-balanced and tear-free formula, there won’t be any more tears, only joyful chuckles. It is also MadeSafe Certified and dermatologist tested.\u003c/p\u003e\r\n\u003cp\u003eCan head to toe wash be used on hair?\u003c/p\u003e\r\n\u003cp\u003eYes, Head-to-Toe Wash can also be used on hair provided it is a tear-free formula that helps maintain the scalp’s pH as well. It should be safe, natural, and well-formulated to suit the baby’s delicate scalp. In this light, we recommend you try Mamaearth Milky Soft Head-to-Toe Wash for Babies featuring Milk, Oats, and Calendula. It is a 2-in-1 tear-free formula that works as a body wash and shampoo for your kid’s sensitive skin and scalp. It gently cleanses the scalp, soothes irritation, and deeply nourishes the hair. Its tear-free formula makes it safe and gentle for babies. Oats in this formulation are rich in antioxidants and anti-inflammatory properties, which prevent infections and provide your kid with a healthy scalp.\u003c/p\u003e\r\n\u003c/div\u003e"},{"attribute_code":"special_from_date","value":"2024-05-10 10:59:00"}],"hide_in_front":0,"image":"/1/_/1_123.jpg","is_in_stock":true,"name":"Milky Soft Head to Toe Wash With Oats, Milk, and Calendula  for Babies- 400ml","position":"1","price":"499.00","product_card_tags":"2-in-1 Tear-Free Body Wash \u0026 Shampoo | Moisturizes and Soothes Skin ","review_count":81,"sku":"8904417308129","special_price":"","special_price_from_date":{"date":"2024-05-10 16:29:00","timezone_type":3,"timezone":"Asia/Kolkata"},"tags":"Last Few Bottles Left!","url_key":"top-to-toe-wash-for-babies","imageAltTags":[],"product_subtitle_keys":["Buy 1 Get 1 FREE"," Head to Toe"," 2-in-1"],"configurable_option":{"attribute_id":349,"option_id":537,"attribute_label":"Baby_Heat_to_Toe_Wash","title":"400ml","swatch_data":{"swatch_id":780,"option_id":537,"store_id":1,"type":0,"value":"400ml"}},"siblings":[{"id":1556,"sku":"8904417319941","name":"Milky Soft Head to Toe Wash With Oats, Milk, and Calendula  for Babies- 200 ml","url_key":"milky-soft-head-to-toe-wash-with-oats-milk-and-calendula-for-babies-200-ml","price":"249.00","is_in_stock":true,"custom_attributes":[{"attribute_code":"saving_scheme","value":"price_per_100_ml"},{"attribute_code":"volume","value":"200"}],"special_price":"","parent_id":1603,"attribute_id":349,"option_id":536,"parent_sku":"56789543256789321","attribute_label":"Baby_Heat_to_Toe_Wash","title":"200ml","swatch_data":{"swatch_id":778,"option_id":536,"store_id":1,"type":0,"value":"200ml"},"special_from_date":{"date":"2025-03-12 05:30:00","timezone_type":3,"timezone":"Asia/Kolkata"}}],"size":"400ml","unitPrice":"1.25/ml","old_productid":"982","generic_name":null},{"id":136,"tier_prices":[],"avg_rating_percent":97,"categories":[2,5,21,27,23,30,68,39,31,164,253,102,104,160,239,338,353,356,359,295,163,162,158,393,215,420,52,372],"configurable_option":{"attribute_id":240,"option_id":150,"attribute_label":"Onion Shampoo Swatch","title":"400ml","swatch_data":{"swatch_id":141,"option_id":150,"store_id":1,"type":0,"value":"400ml"}},"created_at":"2021-03-25 13:30:56","custom_attributes":[{"attribute_code":"manufacturer","value":"Kapco International Ltd,Plot 11,Sector3,Parwanoo, Himachal Pradesh-173220"},{"attribute_code":"meta_title","value":"Keratin Shampoo for Hair fall \u0026 8X Smoothness -400 ml "},{"attribute_code":"meta_description","value":"keratin shampoo for hair reduce your hair fall and gives you 8X Smoothness. Mamaearth keratin shampoo with Onion makes your hair softer and gives 8X Smoothness."},{"attribute_code":"image","value":"/w/i/with-ingredient.jpg"},{"attribute_code":"small_image","value":"/w/i/with-ingredient.jpg"},{"attribute_code":"thumbnail","value":"/w/i/with-ingredient.jpg"},{"attribute_code":"options_container","value":"container2"},{"attribute_code":"small_image_label","value":"mamaearth onion shampoo"},{"attribute_code":"thumbnail_label","value":"mamaearth onion shampoo"},{"attribute_code":"country_of_manufacture","value":"IN"},{"attribute_code":"url_key","value":"onion-shampoo-for-hair-growth-and-hair-fall-control-with-onion-oil-and-plant-keratin-400ml"},{"attribute_code":"msrp_display_actual_price_type","value":"0"},{"attribute_code":"gift_message_available","value":"0"},{"attribute_code":"swatch_image","value":"/w/i/with-ingredient.jpg"},{"attribute_code":"attribute_label_1","value":"What To Expect From Mamaearth Onion Shampoo?"},{"attribute_code":"attribute_label_2","value":"Key Ingredients"},{"attribute_code":"attribute_label_3","value":"How to Use"},{"attribute_code":"attribute_label_4","value":"Who can Use"},{"attribute_code":"attribute_label_5","value":"Why Mamaearth"},{"attribute_code":"attribute_label_6","value":"Ingredient List"},{"attribute_code":"attribute_label_7","value":"FAQS"},{"attribute_code":"best_before","value":"24 Months"},{"attribute_code":"dimensions","value":"10 * 5 * 5 cm"},{"attribute_code":"mrp","value":"559"},{"attribute_code":"old_productid","value":"1319173"},{"attribute_code":"weight_when_packed","value":"0.500"},{"attribute_code":"tags","value":"No.1 Onion Shampoo"},{"attribute_code":"marketed_by","value":"Honasa Consumer Limited, 10th and 11th Floor, Capital Cyberscape, Sector 59, Gurugram, Haryana, 122101"},{"attribute_code":"live_url","value":"https://mamaearth.in/product/onion-shampoo-for-hair-growth-and-hair-fall-control-with-onion-oil-and-plant-keratin-400ml"},{"attribute_code":"license_no","value":"S-COS/10/19"},{"attribute_code":"length","value":"10"},{"attribute_code":"google_category","value":"543615"},{"attribute_code":"cms_sequence","value":"1,2,3,4,5,6,7,8"},{"attribute_code":"width","value":"5"},{"attribute_code":"height","value":"5"},{"attribute_code":"breadcrumb_category","value":"39","title":"Best Shampoo for Hair Growth","url_key":"hair-shampoo"},{"attribute_code":"custom_product_type","value":"be_hair"},{"attribute_code":"brand","value":"4"},{"attribute_code":"product_card_tags","value":"Reduces Hair Fall | Strengthens Hair |Softens Hair"},{"attribute_code":"saving_scheme","value":"price_per_100_ml"},{"attribute_code":"product_subtitle_keys","value":"Buy 1 Get 1 FREE, Shampoo, Onion"},{"attribute_code":"is_suitable_for_skin_type","value":"465","label":"normal"},{"attribute_code":"hair_goals","value":"479,477,485","label":"hair fall reduction, hair strengthening, thick and long hair"},{"attribute_code":"tax_class_id","value":"2"},{"attribute_code":"create_scarcity","value":"1"},{"attribute_code":"hide_product_infront","value":"0"},{"attribute_code":"show_in_feed","value":"1"},{"attribute_code":"base_category","value":"85"},{"attribute_code":"base_sub_category","value":"73"},{"attribute_code":"key_ingredient","value":"508"},{"attribute_code":"show_price_per_unit","value":"1"},{"attribute_code":"volume","value":"400"},{"attribute_code":"enable_fbt_popup","value":"0"},{"attribute_code":"onion_shampoo_swatch","value":"150"},{"attribute_code":"strikethrough","value":"1"},{"attribute_code":"tag_keywords","value":"beauty, Beauty p, Beauty pr, beauty product, beauty products, care, hair, hair care, hair care product, mama, mama e, mama ea, mama ear, mama earth, Mama earth onion sha, Mama earth onion shampoo, mamaearth, Mamaearth onion sha, Mamaearth onion sham, Mamaearth onion shampoo, onion, onion hair oil, Onion Hair Oil for Hair Regrowth \u0026 Hair Fall Control with Redensyl, Onion sha, Onion sham, Onion shamp, Onion shampo, Onion shampoo, Onion shampoo a, Onion shampoo and, Onion shampoo and conditioner, Onion Shampoo for Hair Growth, Onion shampp, Onion shap"},{"attribute_code":"short_description","value":"\u003cp style=\"text-align: justify;\"\u003eIntroducing new \u0026amp; improved Mamaearth Onion Shampoo for even stronger, smoother, and cleaner hair. The new formula improves deep cleansing action by providing 22% more foam without any sulfates or toxins. With up to 8 times more detangling action and 4 times more conditioning effect, it’s time to welcome healthier hair with the time-tested goodness of Onion. \u003cbr /\u003eMamaearth Onion Hair Shampoo helps you combat hair fall with its natural goodness. Onion, rich in sulfur, potassium \u0026amp; antioxidants, reduces hair fall \u0026amp; accelerates hair growth. Plant Keratin replenishes and strengthens hair, repairing its natural structure. It makes hair smooth and frizz-free. \u003cbr /\u003eAnd because of our no toxins and no harmful chemicals philosophy, you won’t find any Silicones, Parabens, mineral oil \u0026amp; dyes in our Onion Hair Shampoo.\u003c/p\u003e"},{"attribute_code":"attribute_value_1","value":"\u003cdiv class=\"list-banner\"\u003e\u003cimg src=\"https://images.mamaearth.in/wysiwyg/02-01-2024/full-mock.jpg\" alt=\"Mamaearth Onion Shampoo\" /\u003e\r\n\u003cp style=\"text-align: center;\"\u003eMamaearth Onion Shampoo\u003c/p\u003e\r\n\u003c/div\u003e"},{"attribute_code":"attribute_value_2","value":"\u003cul class=\"woodmart-list\"\u003e\r\n\u003cli\u003e\r\n\u003cdiv class=\"list-icon\"\u003e\u003cimg src=\"https://images.mamaearth.in/wysiwyg/Onion_Cv1h4qQ.jpg\" alt=\"Onion shampoo for Hair Fall\" width=\"300\" height=\"300\" /\u003e\u003c/div\u003e\r\n\u003cspan class=\"list-content\" style=\"text-align: justify;\"\u003e\u003cstrong\u003eOnion : \u003c/strong\u003e It increases blood supply to hair follicles, which in turn increases hair growth and prevents hair fall. \u003c/span\u003e\u003c/li\u003e\r\n\u003cli\u003e\r\n\u003cdiv class=\"list-icon\"\u003e\u003cimg src=\"https://images.mamaearth.in/wysiwyg/Plant_Keratin.jpg\" alt=\"Onion shampoo with plant keratin\" width=\"300\" height=\"300\" /\u003e\u003c/div\u003e\r\n\u003cspan class=\"list-content\" style=\"text-align: justify;\"\u003e\u003cstrong\u003ePlant Keratin : \u003c/strong\u003e Made up of 18 amino acids, Plant Keratin is a highly protective protein that helps maintain the moisture balance of the hair. It gives hair natural smoothness, shine, and strength. \u003c/span\u003e\u003c/li\u003e\r\n\u003cli\u003e\r\n\u003cdiv class=\"list-icon\"\u003e\u003cimg src=\"https://images.mamaearth.in/wysiwyg/Wheat_Amino_Acids.jpg\" alt=\"mamaearth onion hair shampoo for reduces hair fall\" width=\"300\" height=\"300\" /\u003e\u003c/div\u003e\r\n\u003cspan class=\"list-content\" style=\"text-align: justify;\"\u003e\u003cstrong\u003eWheat Amino Acids : \u003c/strong\u003eWheat Amino Acids improve the tensile strength of hair fibers and increase the elasticity of the hair, making the hair less prone to breakage. It also reduces the porosity of the hair and strengthens the hair from within. \u003c/span\u003e\u003c/li\u003e\r\n\u003cli\u003e\r\n\u003cdiv class=\"list-icon\"\u003e\u003cimg src=\"https://images.mamaearth.in/wysiwyg/Picture1_dCbcvwC.jpg\" alt=\"mamaearth onion shampoo with Soy Amino Acids\" width=\"296\" height=\"296\" /\u003e\u003c/div\u003e\r\n\u003cspan class=\"list-content\" style=\"text-align: justify;\"\u003e\u003cstrong\u003eSoy Amino Acids : \u003c/strong\u003e Soy Amino Acids strengthen hair fibers, retain more moisture, and improve the manageability of the hair. \u003c/span\u003e\u003c/li\u003e\r\n\u003c/ul\u003e"},{"attribute_code":"attribute_value_3","value":"\u003cul\u003e\r\n\u003cli\u003e\u003cspan class=\"list-content\"\u003e\u003cstrong\u003eStep 1 : \u003c/strong\u003e Gently massage Onion Shampoo on wet hair and scalp with fingertips, to work into a lather.\u003c/span\u003e\u003c/li\u003e\r\n\u003cli\u003e\u003cspan class=\"list-content\"\u003e\u003cstrong\u003eStep 2 : \u003c/strong\u003eRinse thoroughly, and follow it up with our silicone-free Onion Conditioner.\u003c/span\u003e\u003c/li\u003e\r\n\u003c/ul\u003e"},{"attribute_code":"attribute_value_4","value":"\u003cul style=\"list-style: disc; padding-left: 1em;\"\u003e\r\n\u003cli\u003e\u003cspan class=\"list-content\"\u003eMen and women of age 15 years and above\u003c/span\u003e\u003c/li\u003e\r\n\u003cli\u003e\r\n\u003cdiv class=\"list-icon fa fa-check\"\u003eDry, damaged, colored, and chemically treated hair\u003c/div\u003e\r\n\u003c/li\u003e\r\n\u003cli\u003e\r\n\u003cdiv class=\"list-icon fa fa-check\"\u003eThe Onion Shampoo is suitable for all hair types\u003c/div\u003e\r\n\u003c/li\u003e\r\n\u003c/ul\u003e"},{"attribute_code":"attribute_value_5","value":"\u003cul class=\"compare-list\"\u003e\r\n\u003cli\u003e\r\n\u003cdiv class=\"compare-img\"\u003e\u003cimg src=\"https://images.mamaearth.in/wysiwyg/onion-new-images/fop_white_bg.jpg\" alt=\"Mamaearth Onion Shampoo Better Than Any Other Shampoo\" width=\"1200\" height=\"1200\" /\u003e\u003c/div\u003e\r\n\u003cdiv class=\"compare-content\"\u003e\r\n\u003cul\u003e\r\n\u003cli\u003eReduces Hairfall\u003c/li\u003e\r\n\u003cli\u003eMakes Hair Soft \u0026amp; Shiny\u003c/li\u003e\r\n\u003cli\u003eGently Cleanses\u003c/li\u003e\r\n\u003cli\u003eSuitable For All Hair Types\u003c/li\u003e\r\n\u003c/ul\u003e\r\n\u003c/div\u003e\r\n\u003c/li\u003e\r\n\u003cli\u003e\r\n\u003cdiv class=\"compare-img\"\u003e\u003cimg src=\"https://images.mamaearth.in/wysiwyg/Attribute_Images/Oil-Bottle-300x300.jpg\" alt=\"Why Is Mamaearth Onion Shampoo Better Than Any Other\" /\u003e\u003c/div\u003e\r\n\u003cdiv class=\"compare-content\"\u003e\r\n\u003cul\u003e\r\n\u003cli\u003eDamages Hair In Long Run\u003c/li\u003e\r\n\u003cli\u003eContains Harmful Chemicals\u003c/li\u003e\r\n\u003cli\u003eContains Parabens \u0026amp; Silicones\u003c/li\u003e\r\n\u003cli\u003eDoes Not Work On Specific Issues\u003c/li\u003e\r\n\u003c/ul\u003e\r\n\u003c/div\u003e\r\n\u003c/li\u003e\r\n\u003c/ul\u003e"},{"attribute_code":"attribute_value_6","value":"\u003ctable\u003e\r\n\u003ctbody\u003e\r\n\u003ctr\u003e\r\n\u003ctd\u003e\r\n\u003cp\u003e\u003cstrong\u003eIngredients\u003c/strong\u003e\u003c/p\u003e\r\n\u003c/td\u003e\r\n\u003ctd\u003e\r\n\u003cp\u003e\u003cstrong\u003eType\u003c/strong\u003e\u003c/p\u003e\r\n\u003c/td\u003e\r\n\u003ctd\u003e\r\n\u003cp\u003e\u003cstrong\u003eWhere Is It From?\u003c/strong\u003e\u003c/p\u003e\r\n\u003c/td\u003e\r\n\u003ctd\u003e\r\n\u003cp\u003e\u003cstrong\u003eHow It Helps?\u003c/strong\u003e\u003c/p\u003e\r\n\u003c/td\u003e\r\n\u003c/tr\u003e\r\n\u003ctr\u003e\r\n\u003ctd\u003e\r\n\u003cp\u003e\u003cspan style=\"font-weight: 400;\"\u003eAqua\u003c/span\u003e\u003c/p\u003e\r\n\u003c/td\u003e\r\n\u003ctd\u003e\r\n\u003cp\u003e\u003cspan style=\"font-weight: 400;\"\u003eNatural\u003c/span\u003e\u003c/p\u003e\r\n\u003c/td\u003e\r\n\u003ctd\u003e\r\n\u003cp\u003e\u003cspan style=\"font-weight: 400;\"\u003eWater\u003c/span\u003e\u003c/p\u003e\r\n\u003c/td\u003e\r\n\u003ctd\u003e\r\n\u003cp\u003e\u003cspan style=\"font-weight: 400;\"\u003eDiluent\u003c/span\u003e\u003c/p\u003e\r\n\u003c/td\u003e\r\n\u003c/tr\u003e\r\n\u003ctr\u003e\r\n\u003ctd\u003e\r\n\u003cp\u003e\u003cspan style=\"font-weight: 400;\"\u003eCoco Amido Propyl Betaine\u003c/span\u003e\u003c/p\u003e\r\n\u003c/td\u003e\r\n\u003ctd\u003e\r\n\u003cp\u003e\u003cspan style=\"font-weight: 400;\"\u003eNatural\u003c/span\u003e\u003c/p\u003e\r\n\u003c/td\u003e\r\n\u003ctd\u003e\r\n\u003cp\u003e\u003cspan style=\"font-weight: 400;\"\u003eCoconut\u003c/span\u003e\u003c/p\u003e\r\n\u003c/td\u003e\r\n\u003ctd\u003e\r\n\u003cp\u003e\u003cspan style=\"font-weight: 400;\"\u003eFoaming Agent\u003c/span\u003e\u003c/p\u003e\r\n\u003c/td\u003e\r\n\u003c/tr\u003e\r\n\u003ctr\u003e\r\n\u003ctd\u003e\r\n\u003cp\u003e\u003cspan style=\"font-weight: 400;\"\u003eCaprylyl/Capryl Glucoside\u003c/span\u003e\u003c/p\u003e\r\n\u003c/td\u003e\r\n\u003ctd\u003e\r\n\u003cp\u003e\u003cspan style=\"font-weight: 400;\"\u003eNatural\u003c/span\u003e\u003c/p\u003e\r\n\u003c/td\u003e\r\n\u003ctd\u003e\r\n\u003cp\u003e\u003cspan style=\"font-weight: 400;\"\u003ePlant-Based\u003c/span\u003e\u003c/p\u003e\r\n\u003c/td\u003e\r\n\u003ctd\u003e\r\n\u003cp\u003e\u003cspan style=\"font-weight: 400;\"\u003eSurfactant\u003c/span\u003e\u003c/p\u003e\r\n\u003c/td\u003e\r\n\u003c/tr\u003e\r\n\u003ctr\u003e\r\n\u003ctd\u003e\r\n\u003cp\u003e\u003cspan style=\"font-weight: 400;\"\u003eSodium Lauroyl Sarcosinate\u003c/span\u003e\u003c/p\u003e\r\n\u003c/td\u003e\r\n\u003ctd\u003e\r\n\u003cp\u003e\u003cspan style=\"font-weight: 400;\"\u003eNatural\u003c/span\u003e\u003c/p\u003e\r\n\u003c/td\u003e\r\n\u003ctd\u003e\r\n\u003cp\u003e\u003cspan style=\"font-weight: 400;\"\u003ePlant-Based\u003c/span\u003e\u003c/p\u003e\r\n\u003c/td\u003e\r\n\u003ctd\u003e\r\n\u003cp\u003e\u003cspan style=\"font-weight: 400;\"\u003eSurfactant\u003c/span\u003e\u003c/p\u003e\r\n\u003c/td\u003e\r\n\u003c/tr\u003e\r\n\u003ctr\u003e\r\n\u003ctd\u003e\r\n\u003cp\u003e\u003cspan style=\"font-weight: 400;\"\u003eGlycerin\u003c/span\u003e\u003c/p\u003e\r\n\u003c/td\u003e\r\n\u003ctd\u003e\r\n\u003cp\u003e\u003cspan style=\"font-weight: 400;\"\u003eNatural\u003c/span\u003e\u003c/p\u003e\r\n\u003c/td\u003e\r\n\u003ctd\u003e\r\n\u003cp\u003e\u003cspan style=\"font-weight: 400;\"\u003ePlant-Based\u003c/span\u003e\u003c/p\u003e\r\n\u003c/td\u003e\r\n\u003ctd\u003e\r\n\u003cp\u003e\u003cspan style=\"font-weight: 400;\"\u003eHumectant\u003c/span\u003e\u003c/p\u003e\r\n\u003c/td\u003e\r\n\u003c/tr\u003e\r\n\u003ctr\u003e\r\n\u003ctd\u003e\r\n\u003cp\u003e\u003cspan style=\"font-weight: 400;\"\u003eSodium Methyl Cocoyl Taurate\u003c/span\u003e\u003c/p\u003e\r\n\u003c/td\u003e\r\n\u003ctd\u003e\r\n\u003cp\u003e\u003cspan style=\"font-weight: 400;\"\u003eNatural\u003c/span\u003e\u003c/p\u003e\r\n\u003c/td\u003e\r\n\u003ctd\u003e\r\n\u003cp\u003e\u003cspan style=\"font-weight: 400;\"\u003ePlant-Based\u003c/span\u003e\u003c/p\u003e\r\n\u003c/td\u003e\r\n\u003ctd\u003e\r\n\u003cp\u003e\u003cspan style=\"font-weight: 400;\"\u003eFoaming Agent\u003c/span\u003e\u003c/p\u003e\r\n\u003c/td\u003e\r\n\u003c/tr\u003e\r\n\u003ctr\u003e\r\n\u003ctd\u003e\r\n\u003cp\u003e\u003cspan style=\"font-weight: 400;\"\u003eCocamide MEA\u003c/span\u003e\u003c/p\u003e\r\n\u003c/td\u003e\r\n\u003ctd\u003e\r\n\u003cp\u003e\u003cspan style=\"font-weight: 400;\"\u003eNatural\u003c/span\u003e\u003c/p\u003e\r\n\u003c/td\u003e\r\n\u003ctd\u003e\r\n\u003cp\u003e\u003cspan style=\"font-weight: 400;\"\u003eCoconut\u003c/span\u003e\u003c/p\u003e\r\n\u003c/td\u003e\r\n\u003ctd\u003e\r\n\u003cp\u003e\u003cspan style=\"font-weight: 400;\"\u003eSurfactant\u003c/span\u003e\u003c/p\u003e\r\n\u003c/td\u003e\r\n\u003c/tr\u003e\r\n\u003ctr\u003e\r\n\u003ctd\u003e\r\n\u003cp\u003e\u003cspan style=\"font-weight: 400;\"\u003ePolyquaternium 7\u003c/span\u003e\u003c/p\u003e\r\n\u003c/td\u003e\r\n\u003ctd\u003e\r\n\u003cp\u003e\u003cspan style=\"font-weight: 400;\"\u003eSynthetic\u003c/span\u003e\u003c/p\u003e\r\n\u003c/td\u003e\r\n\u003ctd\u003e\r\n\u003cp\u003e\u003cspan style=\"font-weight: 400;\"\u003eLab Synthesized\u003c/span\u003e\u003c/p\u003e\r\n\u003c/td\u003e\r\n\u003ctd\u003e\r\n\u003cp\u003e\u003cspan style=\"font-weight: 400;\"\u003eConditioning Agent\u003c/span\u003e\u003c/p\u003e\r\n\u003c/td\u003e\r\n\u003c/tr\u003e\r\n\u003ctr\u003e\r\n\u003ctd\u003e\r\n\u003cp\u003e\u003cspan style=\"font-weight: 400;\"\u003eCetrimonium Chloride\u003c/span\u003e\u003c/p\u003e\r\n\u003c/td\u003e\r\n\u003ctd\u003e\r\n\u003cp\u003e\u003cspan style=\"font-weight: 400;\"\u003eSynthetic\u003c/span\u003e\u003c/p\u003e\r\n\u003c/td\u003e\r\n\u003ctd\u003e\r\n\u003cp\u003e\u003cspan style=\"font-weight: 400;\"\u003eLab Synthesized\u003c/span\u003e\u003c/p\u003e\r\n\u003c/td\u003e\r\n\u003ctd\u003e\r\n\u003cp\u003e\u003cspan style=\"font-weight: 400;\"\u003eConditioning Agent\u003c/span\u003e\u003c/p\u003e\r\n\u003c/td\u003e\r\n\u003c/tr\u003e\r\n\u003ctr\u003e\r\n\u003ctd\u003e\r\n\u003cp\u003e\u003cspan style=\"font-weight: 400;\"\u003ePolyquaternium 10\u003c/span\u003e\u003c/p\u003e\r\n\u003c/td\u003e\r\n\u003ctd\u003e\r\n\u003cp\u003e\u003cspan style=\"font-weight: 400;\"\u003eSynthetic\u003c/span\u003e\u003c/p\u003e\r\n\u003c/td\u003e\r\n\u003ctd\u003e\r\n\u003cp\u003e\u003cspan style=\"font-weight: 400;\"\u003eLab Synthesized\u003c/span\u003e\u003c/p\u003e\r\n\u003c/td\u003e\r\n\u003ctd\u003e\r\n\u003cp\u003e\u003cspan style=\"font-weight: 400;\"\u003eAnti-Static Agent\u003c/span\u003e\u003c/p\u003e\r\n\u003c/td\u003e\r\n\u003c/tr\u003e\r\n\u003ctr\u003e\r\n\u003ctd\u003e\r\n\u003cp\u003e\u003cspan style=\"font-weight: 400;\"\u003ePolyquaternium 73\u003c/span\u003e\u003c/p\u003e\r\n\u003c/td\u003e\r\n\u003ctd\u003e\r\n\u003cp\u003e\u003cspan style=\"font-weight: 400;\"\u003eNatural\u003c/span\u003e\u003c/p\u003e\r\n\u003c/td\u003e\r\n\u003ctd\u003e\r\n\u003cp\u003e\u003cspan style=\"font-weight: 400;\"\u003ePlant-Based\u003c/span\u003e\u003c/p\u003e\r\n\u003c/td\u003e\r\n\u003ctd\u003e\r\n\u003cp\u003e\u003cspan style=\"font-weight: 400;\"\u003eConditioning Agent\u003c/span\u003e\u003c/p\u003e\r\n\u003c/td\u003e\r\n\u003c/tr\u003e\r\n\u003ctr\u003e\r\n\u003ctd\u003e\r\n\u003cp\u003e\u003cspan style=\"font-weight: 400;\"\u003eAnhydrous Betaine\u003c/span\u003e\u003c/p\u003e\r\n\u003c/td\u003e\r\n\u003ctd\u003e\r\n\u003cp\u003e\u003cspan style=\"font-weight: 400;\"\u003eNatural\u003c/span\u003e\u003c/p\u003e\r\n\u003c/td\u003e\r\n\u003ctd\u003e\r\n\u003cp\u003e\u003cspan style=\"font-weight: 400;\"\u003ePlant-Based\u003c/span\u003e\u003c/p\u003e\r\n\u003c/td\u003e\r\n\u003ctd\u003e\r\n\u003cp\u003e\u003cspan style=\"font-weight: 400;\"\u003eFoaming Agent\u003c/span\u003e\u003c/p\u003e\r\n\u003c/td\u003e\r\n\u003c/tr\u003e\r\n\u003ctr\u003e\r\n\u003ctd\u003e\r\n\u003cp\u003e\u003cspan style=\"font-weight: 400;\"\u003eIFRA Certified Allergen Free Fragrance\u003c/span\u003e\u003c/p\u003e\r\n\u003c/td\u003e\r\n\u003ctd\u003e\r\n\u003cp\u003e\u003cspan style=\"font-weight: 400;\"\u003eSynthetic\u003c/span\u003e\u003c/p\u003e\r\n\u003c/td\u003e\r\n\u003ctd\u003e\r\n\u003cp\u003e\u003cspan style=\"font-weight: 400;\"\u003eLab Synthesized\u003c/span\u003e\u003c/p\u003e\r\n\u003c/td\u003e\r\n\u003ctd\u003e\r\n\u003cp\u003e\u003cspan style=\"font-weight: 400;\"\u003eFragrance\u003c/span\u003e\u003c/p\u003e\r\n\u003c/td\u003e\r\n\u003c/tr\u003e\r\n\u003ctr\u003e\r\n\u003ctd\u003e\r\n\u003cp\u003e\u003cspan style=\"font-weight: 400;\"\u003eEthylene Glycol Monostearate\u003c/span\u003e\u003c/p\u003e\r\n\u003c/td\u003e\r\n\u003ctd\u003e\r\n\u003cp\u003e\u003cspan style=\"font-weight: 400;\"\u003eNatural\u003c/span\u003e\u003c/p\u003e\r\n\u003c/td\u003e\r\n\u003ctd\u003e\r\n\u003cp\u003e\u003cspan style=\"font-weight: 400;\"\u003eVegetables\u003c/span\u003e\u003c/p\u003e\r\n\u003c/td\u003e\r\n\u003ctd\u003e\r\n\u003cp\u003e\u003cspan style=\"font-weight: 400;\"\u003eEmulsifier\u003c/span\u003e\u003c/p\u003e\r\n\u003c/td\u003e\r\n\u003c/tr\u003e\r\n\u003ctr\u003e\r\n\u003ctd\u003e\r\n\u003cp\u003e\u003cspan style=\"font-weight: 400;\"\u003eSodium Benzoate\u003c/span\u003e\u003c/p\u003e\r\n\u003c/td\u003e\r\n\u003ctd\u003e\r\n\u003cp\u003e\u003cspan style=\"font-weight: 400;\"\u003eNatural\u003c/span\u003e\u003c/p\u003e\r\n\u003c/td\u003e\r\n\u003ctd\u003e\r\n\u003cp\u003e\u003cspan style=\"font-weight: 400;\"\u003ePlant-Based\u003c/span\u003e\u003c/p\u003e\r\n\u003c/td\u003e\r\n\u003ctd\u003e\r\n\u003cp\u003e\u003cspan style=\"font-weight: 400;\"\u003ePreservatives\u003c/span\u003e\u003c/p\u003e\r\n\u003c/td\u003e\r\n\u003c/tr\u003e\r\n\u003ctr\u003e\r\n\u003ctd\u003e\r\n\u003cp\u003e\u003cspan style=\"font-weight: 400;\"\u003ePotassium Sorbate\u003c/span\u003e\u003c/p\u003e\r\n\u003c/td\u003e\r\n\u003ctd\u003e\r\n\u003cp\u003e\u003cspan style=\"font-weight: 400;\"\u003eNatural\u003c/span\u003e\u003c/p\u003e\r\n\u003c/td\u003e\r\n\u003ctd\u003e\r\n\u003cp\u003e\u003cspan style=\"font-weight: 400;\"\u003ePlant-Based\u003c/span\u003e\u003c/p\u003e\r\n\u003c/td\u003e\r\n\u003ctd\u003e\r\n\u003cp\u003e\u003cspan style=\"font-weight: 400;\"\u003ePreservatives\u003c/span\u003e\u003c/p\u003e\r\n\u003c/td\u003e\r\n\u003c/tr\u003e\r\n\u003ctr\u003e\r\n\u003ctd\u003e\r\n\u003cp\u003e\u003cspan style=\"font-weight: 400;\"\u003eOnion Seed Extract\u003c/span\u003e\u003c/p\u003e\r\n\u003c/td\u003e\r\n\u003ctd\u003e\r\n\u003cp\u003e\u003cspan style=\"font-weight: 400;\"\u003eNatural\u003c/span\u003e\u003c/p\u003e\r\n\u003c/td\u003e\r\n\u003ctd\u003e\r\n\u003cp\u003e\u003cspan style=\"font-weight: 400;\"\u003ePlant-Based\u003c/span\u003e\u003c/p\u003e\r\n\u003c/td\u003e\r\n\u003ctd\u003e\r\n\u003cp\u003e\u003cspan style=\"font-weight: 400;\"\u003eHair Growth Agent\u003c/span\u003e\u003c/p\u003e\r\n\u003c/td\u003e\r\n\u003c/tr\u003e\r\n\u003ctr\u003e\r\n\u003ctd\u003e\r\n\u003cp\u003e\u003cspan style=\"font-weight: 400;\"\u003eCarbomer\u003c/span\u003e\u003c/p\u003e\r\n\u003c/td\u003e\r\n\u003ctd\u003e\r\n\u003cp\u003e\u003cspan style=\"font-weight: 400;\"\u003eSynthetic\u003c/span\u003e\u003c/p\u003e\r\n\u003c/td\u003e\r\n\u003ctd\u003e\r\n\u003cp\u003e\u003cspan style=\"font-weight: 400;\"\u003eLab Synthesized\u003c/span\u003e\u003c/p\u003e\r\n\u003c/td\u003e\r\n\u003ctd\u003e\r\n\u003cp\u003e\u003cspan style=\"font-weight: 400;\"\u003eTexture Enhancer\u003c/span\u003e\u003c/p\u003e\r\n\u003c/td\u003e\r\n\u003c/tr\u003e\r\n\u003ctr\u003e\r\n\u003ctd\u003e\r\n\u003cp\u003e\u003cspan style=\"font-weight: 400;\"\u003eWheat Amino Acids\u003c/span\u003e\u003c/p\u003e\r\n\u003c/td\u003e\r\n\u003ctd\u003e\r\n\u003cp\u003e\u003cspan style=\"font-weight: 400;\"\u003eNatural\u003c/span\u003e\u003c/p\u003e\r\n\u003c/td\u003e\r\n\u003ctd\u003e\r\n\u003cp\u003e\u003cspan style=\"font-weight: 400;\"\u003ePlant-Based\u003c/span\u003e\u003c/p\u003e\r\n\u003c/td\u003e\r\n\u003ctd\u003e\r\n\u003cp\u003e\u003cspan style=\"font-weight: 400;\"\u003eHair Growth Agent\u003c/span\u003e\u003c/p\u003e\r\n\u003c/td\u003e\r\n\u003c/tr\u003e\r\n\u003ctr\u003e\r\n\u003ctd\u003e\r\n\u003cp\u003e\u003cspan style=\"font-weight: 400;\"\u003eSoy Amino Acids\u003c/span\u003e\u003c/p\u003e\r\n\u003c/td\u003e\r\n\u003ctd\u003e\r\n\u003cp\u003e\u003cspan style=\"font-weight: 400;\"\u003eNatural\u003c/span\u003e\u003c/p\u003e\r\n\u003c/td\u003e\r\n\u003ctd\u003e\r\n\u003cp\u003e\u003cspan style=\"font-weight: 400;\"\u003ePlant-Based\u003c/span\u003e\u003c/p\u003e\r\n\u003c/td\u003e\r\n\u003ctd\u003e\r\n\u003cp\u003e\u003cspan style=\"font-weight: 400;\"\u003eHair Growth Agent\u003c/span\u003e\u003c/p\u003e\r\n\u003c/td\u003e\r\n\u003c/tr\u003e\r\n\u003ctr\u003e\r\n\u003ctd\u003e\r\n\u003cp\u003e\u003cspan style=\"font-weight: 400;\"\u003eArginine HCL\u003c/span\u003e\u003c/p\u003e\r\n\u003c/td\u003e\r\n\u003ctd\u003e\r\n\u003cp\u003e\u003cspan style=\"font-weight: 400;\"\u003eNatural\u003c/span\u003e\u003c/p\u003e\r\n\u003c/td\u003e\r\n\u003ctd\u003e\r\n\u003cp\u003e\u003cspan style=\"font-weight: 400;\"\u003ePlant-Based\u003c/span\u003e\u003c/p\u003e\r\n\u003c/td\u003e\r\n\u003ctd\u003e\r\n\u003cp\u003e\u003cspan style=\"font-weight: 400;\"\u003eAmino Acid - Nourishing Agent\u003c/span\u003e\u003c/p\u003e\r\n\u003c/td\u003e\r\n\u003c/tr\u003e\r\n\u003ctr\u003e\r\n\u003ctd\u003e\r\n\u003cp\u003e\u003cspan style=\"font-weight: 400;\"\u003eSerine\u003c/span\u003e\u003c/p\u003e\r\n\u003c/td\u003e\r\n\u003ctd\u003e\r\n\u003cp\u003e\u003cspan style=\"font-weight: 400;\"\u003eNatural\u003c/span\u003e\u003c/p\u003e\r\n\u003c/td\u003e\r\n\u003ctd\u003e\r\n\u003cp\u003e\u003cspan style=\"font-weight: 400;\"\u003ePlant-Based\u003c/span\u003e\u003c/p\u003e\r\n\u003c/td\u003e\r\n\u003ctd\u003e\r\n\u003cp\u003e\u003cspan style=\"font-weight: 400;\"\u003eConditioning Agent\u003c/span\u003e\u003c/p\u003e\r\n\u003c/td\u003e\r\n\u003c/tr\u003e\r\n\u003ctr\u003e\r\n\u003ctd\u003e\r\n\u003cp\u003e\u003cspan style=\"font-weight: 400;\"\u003eThreonine\u003c/span\u003e\u003c/p\u003e\r\n\u003c/td\u003e\r\n\u003ctd\u003e\r\n\u003cp\u003e\u003cspan style=\"font-weight: 400;\"\u003eNatural\u003c/span\u003e\u003c/p\u003e\r\n\u003c/td\u003e\r\n\u003ctd\u003e\r\n\u003cp\u003e\u003cspan style=\"font-weight: 400;\"\u003ePlant-Based\u003c/span\u003e\u003c/p\u003e\r\n\u003c/td\u003e\r\n\u003ctd\u003e\r\n\u003cp\u003e\u003cspan style=\"font-weight: 400;\"\u003eConditioning Agent\u003c/span\u003e\u003c/p\u003e\r\n\u003c/td\u003e\r\n\u003c/tr\u003e\r\n\u003ctr\u003e\r\n\u003ctd\u003e\r\n\u003cp\u003e\u003cspan style=\"font-weight: 400;\"\u003eD-Panthenol\u003c/span\u003e\u003c/p\u003e\r\n\u003c/td\u003e\r\n\u003ctd\u003e\r\n\u003cp\u003e\u003cspan style=\"font-weight: 400;\"\u003eNatural\u003c/span\u003e\u003c/p\u003e\r\n\u003c/td\u003e\r\n\u003ctd\u003e\r\n\u003cp\u003e\u003cspan style=\"font-weight: 400;\"\u003ePlant-Based\u003c/span\u003e\u003c/p\u003e\r\n\u003c/td\u003e\r\n\u003ctd\u003e\r\n\u003cp\u003e\u003cspan style=\"font-weight: 400;\"\u003e Moisturizing \u0026amp; Soothing Agent\u003c/span\u003e\u003c/p\u003e\r\n\u003c/td\u003e\r\n\u003c/tr\u003e\r\n\u003ctr\u003e\r\n\u003ctd\u003e\r\n\u003cp\u003e\u003cspan style=\"font-weight: 400;\"\u003eAcrylamidopropyltrimonium Chloride/Acrylamide Copolymer\u003c/span\u003e\u003c/p\u003e\r\n\u003c/td\u003e\r\n\u003ctd\u003e\r\n\u003cp\u003e\u003cspan style=\"font-weight: 400;\"\u003eSynthetic\u003c/span\u003e\u003c/p\u003e\r\n\u003c/td\u003e\r\n\u003ctd\u003e\r\n\u003cp\u003e\u003cspan style=\"font-weight: 400;\"\u003eLab Synthesized \u003c/span\u003e\u003c/p\u003e\r\n\u003c/td\u003e\r\n\u003ctd\u003e\r\n\u003cp\u003e\u003cspan style=\"font-weight: 400;\"\u003eAnti-Static Agent\u003c/span\u003e\u003c/p\u003e\r\n\u003c/td\u003e\r\n\u003c/tr\u003e\r\n\u003ctr\u003e\r\n\u003ctd\u003e\r\n\u003cp\u003e\u003cspan style=\"font-weight: 400;\"\u003eSodium Gluconate\u003c/span\u003e\u003c/p\u003e\r\n\u003c/td\u003e\r\n\u003ctd\u003e\r\n\u003cp\u003e\u003cspan style=\"font-weight: 400;\"\u003eNatural\u003c/span\u003e\u003c/p\u003e\r\n\u003c/td\u003e\r\n\u003ctd\u003e\r\n\u003cp\u003e\u003cspan style=\"font-weight: 400;\"\u003eGlucose\u003c/span\u003e\u003c/p\u003e\r\n\u003c/td\u003e\r\n\u003ctd\u003e\r\n\u003cp\u003e\u003cspan style=\"font-weight: 400;\"\u003eHumectant\u003c/span\u003e\u003c/p\u003e\r\n\u003c/td\u003e\r\n\u003c/tr\u003e\r\n\u003c/tbody\u003e\r\n\u003c/table\u003e"},{"attribute_code":"attribute_value_7","value":"\u003cdiv id=\"faqs\"\u003e\r\n\u003cp\u003eWho can use this shampoo?\u003c/p\u003e\r\n\u003cp\u003eBoth men and women, above 15 years of age, can use this Shampoo.\u003c/p\u003e\r\n\u003cp\u003eIs it suitable for all hair types?\u003c/p\u003e\r\n\u003cp\u003eYes, this Shampoo is suitable for all hair types.\u003c/p\u003e\r\n\u003cp\u003eI have chemically treated hair. Can I use this Shampoo?\u003c/p\u003e\r\n\u003cp\u003eYes, this Shampoo can be used on coloured or chemically treated hair.\u003c/p\u003e\r\n\u003cp\u003eWhat are the benefits of mamaearth onion shampoo?\u003c/p\u003e\r\n\u003cp\u003eMamaearth Onion Shampoo is enriched with the goodness of onion seed oil and Redensyl. Onion Oil, rich in Sulphur, Potassium \u0026amp; antioxidants, reduces hair fall \u0026amp; accelerates hair growth. Plant Keratin replenishes and strengthens hair, repairing its natural structure.\u003c/p\u003e\r\n\u003cp\u003eHow long can we keep onion shampoo on hair?\u003c/p\u003e\r\n\u003cp\u003eMamaearth Onion Shampoo is not a leave-in product. It is best to massage the Mamaearth Onion Shampoo into a lather and wash off with water, followed by Onion conditioner\u003c/p\u003e\r\n\u003cp\u003eWhat is the Mamaearth onion shampoo 400ml price?\u003c/p\u003e\r\n\u003cp\u003eMamaearth shampoo 400ml price is Rs.499.\u003c/p\u003e\r\n\u003cp\u003eWhat are the side effects of mamaearth onion shampoo?\u003c/p\u003e\r\n\u003cp\u003eMamaearth Onion Shampoo is dermatologically tested and is suitable for all hair types. It contains no harmful chemicals, it is made with natural ingredients, and has no side effects.\u003c/p\u003e\r\n\u003cp\u003eCan onion shampoo Reduce Hair Fall?\u003c/p\u003e\r\n\u003cp\u003eThe Mamaearth Onion Shampoo contains onion seed oil, which increases blood supply to hair follicles, improving hair growth and prevents hair loss.\u003c/p\u003e\r\n\u003c/div\u003e"},{"attribute_code":"meta_keyword","value":"Onion Shampoo, Hair Fall, Strength , Nourishment, Strong, Natura, Scalp, keratin shampoo, keratin shampoo for hair, best keratin shampoo"},{"attribute_code":"bestseller","value":"Bestseller"},{"attribute_code":"special_from_date","value":"2023-10-19 17:55:00"}],"hide_in_front":0,"image":"/w/i/with-ingredient.jpg","is_in_stock":true,"name":"Onion Shampoo with Onion \u0026 Plant Keratin for Hair Fall Control - 400ml","position":"1","price":"559.00","product_card_tags":"Reduces Hair Fall | Strengthens Hair |Softens Hair","review_count":331,"siblings":[{"id":121,"sku":"8906087771807","name":"Onion Shampoo with Onion and Plant Keratin for Hair Fall Control - 250ml","url_key":"mamaearth-onion-shampoo-for-hair-growth-hair-fall-control-with-onion-oil-plant-keratin-250-ml","price":"349.00","is_in_stock":false,"custom_attributes":[{"attribute_code":"saving_scheme","value":"price_per_100_ml"},{"attribute_code":"volume","value":"250"}],"special_price":"","parent_id":880,"attribute_id":240,"option_id":149,"parent_sku":"123765","attribute_label":"Onion Shampoo Swatch","title":"250ml","swatch_data":{"swatch_id":139,"option_id":149,"store_id":1,"type":0,"value":"250ml"},"special_from_date":{"date":"2023-08-24 18:55:00","timezone_type":3,"timezone":"Asia/Kolkata"}},{"id":1032,"sku":"8904417309546","name":"Onion Shampoo for Hair Fall Control and Hair Growth with Onion \u0026 Plant Keratin - 650 ml","url_key":"onion-shampoo-for-hair-fall-control-and-hair-growth-with-onion-plant-keratin-650-ml","price":"909.00","is_in_stock":true,"custom_attributes":[{"attribute_code":"saving_scheme","value":"price_per_100_ml"},{"attribute_code":"volume","value":"650"}],"special_price":"","parent_id":880,"attribute_id":240,"option_id":272,"parent_sku":"123765","attribute_label":"Onion Shampoo Swatch","title":"650ml","swatch_data":{"swatch_id":361,"option_id":272,"store_id":1,"type":0,"value":"650ml"}},{"id":385,"sku":"8906087776352","name":"Onion Shampoo for Hair Growth and Hair Fall Control with Onion and Plant Keratin - 1 Litre","url_key":"onion-shampoo-for-hair-growth-hair-fall-control-with-onion-plant-keratin-1-litre","price":"1,299.00","is_in_stock":true,"custom_attributes":[{"attribute_code":"saving_scheme","value":"price_per_100_ml"},{"attribute_code":"volume","value":"1000"}],"special_price":"649.00","parent_id":880,"attribute_id":240,"option_id":273,"parent_sku":"123765","attribute_label":"Onion Shampoo Swatch","title":"1000ml","swatch_data":{"swatch_id":363,"option_id":273,"store_id":1,"type":0,"value":"1000ml"},"special_from_date":{"date":"2025-05-20 05:30:00","timezone_type":3,"timezone":"Asia/Kolkata"}}],"sku":"8906087772187","special_price":"","special_price_from_date":{"date":"2023-10-19 23:25:00","timezone_type":3,"timezone":"Asia/Kolkata"},"tags":"No.1 Onion Shampoo","url_key":"onion-shampoo-for-hair-growth-and-hair-fall-control-with-onion-oil-and-plant-keratin-400ml","imageAltTags":[],"product_subtitle_keys":["Buy 1 Get 1 FREE"," Shampoo"," Onion"],"size":"400ml","unitPrice":"1.40/ml","old_productid":"1319173","generic_name":null},{"id":623,"tier_prices":[],"avg_rating_percent":95,"categories":[2,18,21,146,147,155,218,148,149,150,151,34,102,31,337,401,381,419,52,372],"created_at":"2022-08-17 10:04:45","custom_attributes":[{"attribute_code":"manufacturer","value":"Indo Herbal Products, Unit-2, Plot no 28-29, Sector  1B,IIE,SIDCUL.Ranipur,Haridwar-249403,Regd Address:-C-84 Panchsheel Enclave, New Delhi-110017"},{"attribute_code":"meta_title","value":"Mamaearth Glow Cream for Face | Buy 1 Get 1 Free "},{"attribute_code":"meta_description","value":"Glow cream for face with Vitamin C \u0026 Turmeric for brightens skin. Mamaearth Daily Glow Face Cream is toxin-free to illuminate and moisturize your skin."},{"attribute_code":"image","value":"/v/i/vit-c-glow-cream1.jpg"},{"attribute_code":"small_image","value":"/v/i/vit-c-glow-cream1.jpg"},{"attribute_code":"thumbnail","value":"/v/i/vit-c-glow-cream1.jpg"},{"attribute_code":"options_container","value":"container2"},{"attribute_code":"small_image_label","value":"vitamin c daily glow face cream"},{"attribute_code":"thumbnail_label","value":"vitamin c daily glow face cream"},{"attribute_code":"country_of_manufacture","value":"IN"},{"attribute_code":"url_key","value":"vitamin-c-daily-glow-face-cream-with-vitamin-c-turmeric-for-skin-illumination-80-g"},{"attribute_code":"msrp_display_actual_price_type","value":"0"},{"attribute_code":"gift_message_available","value":"2"},{"attribute_code":"swatch_image","value":"/v/i/vit-c-glow-cream1.jpg"},{"attribute_code":"attribute_label_1","value":"Results of Vitamin C Daily Glow Face Cream "},{"attribute_code":"attribute_label_2","value":"Hero Ingredients"},{"attribute_code":"attribute_label_3","value":"How to Use"},{"attribute_code":"attribute_label_4","value":"Suitable For"},{"attribute_code":"attribute_label_5","value":"Why Mamaearth "},{"attribute_code":"attribute_label_6","value":"Complete List of Ingredients"},{"attribute_code":"attribute_label_7","value":"FAQs"},{"attribute_code":"best_before","value":"24 Months"},{"attribute_code":"dimensions","value":"10*5*5"},{"attribute_code":"mrp","value":"249"},{"attribute_code":"old_productid","value":"753"},{"attribute_code":"tags","value":"best-seller"},{"attribute_code":"marketed_by","value":"Honasa Consumer Limited, 10th and 11th Floor, Capital Cyberscape, Sector 59, Gurugram, Haryana, 122101"},{"attribute_code":"live_url","value":"https://mamaearth.in/product/vitamin-c-daily-glow-face-cream-with-vitamin-c-turmeric-for-skin-illumination-80-g"},{"attribute_code":"license_no","value":"20/C/U.A/2010"},{"attribute_code":"length","value":"10"},{"attribute_code":"google_category","value":"2915"},{"attribute_code":"cms_sequence","value":"1,2,3,4,5,6,7,8"},{"attribute_code":"width","value":"5"},{"attribute_code":"height","value":"5"},{"attribute_code":"breadcrumb_category","value":"155","title":"Vitamin C Cream","url_key":"vitamin-c-cream"},{"attribute_code":"custom_product_type","value":"be_skin"},{"attribute_code":"brand","value":"4"},{"attribute_code":"product_card_tags","value":"Brightens Skin | Moisturizes Skin"},{"attribute_code":"saving_scheme","value":"price_per_100_gm"},{"attribute_code":"product_subtitle_keys","value":"Buy 1 Get 1 FREE, Face Cream, Vitamin C"},{"attribute_code":"is_suitable_for_skin_type","value":"465","label":"normal"},{"attribute_code":"skin_goals","value":"367,469,472","label":"bright skin, glow"},{"attribute_code":"tax_class_id","value":"2"},{"attribute_code":"create_scarcity","value":"0"},{"attribute_code":"hide_product_infront","value":"0"},{"attribute_code":"show_in_feed","value":"1"},{"attribute_code":"base_category","value":"86"},{"attribute_code":"base_sub_category","value":"57"},{"attribute_code":"key_ingredient","value":"501"},{"attribute_code":"show_price_per_unit","value":"1"},{"attribute_code":"volume","value":"80"},{"attribute_code":"enable_fbt_popup","value":"1"},{"attribute_code":"vitamin_c_face_cream","value":"304"},{"attribute_code":"strikethrough","value":"1"},{"attribute_code":"short_description","value":"\u003cp style=\"text-align: justify;\"\u003eGlow \u0026amp; behold! With Mamaearth Vitamin C Daily Glow Face Cream, say hello to radiant and luminous skin everyday! Crafted with the goodness of Vitamin C, the face cream is loaded with antioxidants and helps fight free radical damage. It illuminates your skin, boosts collagen production, and reduces pigmentation resulting in radiant \u0026amp; healthy skin. Turmeric, packed with anti-inflammatory properties, protects your skin from sun damage \u0026amp; revives your skin’s long-lost glow. Lightweight \u0026amp; non-greasy, this cream gets absorbed into the skin instantly and locks in the moisture.\u003cbr\u003e What’s more, the Vitamin C Daily Glow Cream is Made Safe certified which means it is free of toxins and harmful chemicals and is made with natural goodness.\u003c/p\u003e"},{"attribute_code":"meta_keyword","value":"daily glow cream, face cream ,face moisturizer, vitamin c ,antioxidants, moisturizer, hydration, non-sticky, non-greasy, mamaearth vitamin c daily glow face cream benefits in hindi"},{"attribute_code":"attribute_value_1","value":"\u003cul class=\"result-list\"\u003e\r\n\u003cli\u003e\r\n\u003cdiv class=\"result-img\"\u003e\u003cimg loading=\"lazy\" src=\"https://images.mamaearth.in/wysiwyg/Vitamin%20C%20Daily%20Glow%20Face%20Cream%20With%20Vitamin%20C%20%26%20Turmeric%20for%20Skin%20Illumination%20-%2080%20g/Strengthens%20%26%20Firms%20Skin1.jpg\" alt=\"Strengthens \u0026amp; Firms Skin\" /\u003e\u003c/div\u003e\r\n\u003ch2\u003eIlluminates Skin\u003c/h2\u003e\r\n\u003cspan class=\"result-content\" style=\"padding: 0; text-align: center;\"\u003eKeep calm and glow on with our Vitamin C Daily Glow Face Cream. Enriched with Vitamin C \u0026amp; Turmeric, this cream reduces pigmentation and brightens your skin.\u003c/span\u003e\u003c/li\u003e\r\n\u003cli\u003e\r\n\u003cdiv class=\"result-img\"\u003e\u003cimg loading=\"lazy\" src=\"https://images.mamaearth.in/wysiwyg/Vitamin%20C%20Daily%20Glow%20Face%20Cream%20With%20Vitamin%20C%20%26%20Turmeric%20for%20Skin%20Illumination%20-%2080%20g/Boosts%20Skin%20Elasticity1.jpg\" alt=\"Boosts Skin Elasticity\" /\u003e\u003c/div\u003e\r\n\u003ch2\u003eMoisturizes Skin\u003c/h2\u003e\r\n\u003cspan class=\"result-content\" style=\"padding: 0; text-align: center;\"\u003eThe key to radiant and healthy skin is moisturization. This lightweight Vitamin C Daily Glow Face Cream adds much-needed moisture to your skin, keeping it supple.\u003c/span\u003e\u003c/li\u003e\r\n\u003cli\u003e\r\n\u003cdiv class=\"result-img\"\u003e\u003cimg loading=\"lazy\" src=\"https://images.mamaearth.in/wysiwyg/Vitamin%20C%20Daily%20Glow%20Face%20Cream%20With%20Vitamin%20C%20%26%20Turmeric%20for%20Skin%20Illumination%20-%2080%20g/Gives%2024-Hour%20Hydration1.jpg\" alt=\"Gives 24-Hour Hydration\" /\u003e\u003c/div\u003e\r\n\u003ch2\u003eMade Safe Certified\u003c/h2\u003e\r\n\u003cspan class=\"result-content\" style=\"padding: 0; text-align: center;\"\u003eMade with nature’s goodness and care. The Vitamin C Daily Glow Face Cream is crafted with skin-friendly natural ingredients and is free of toxins and irritants \u003c/span\u003e\u003c/li\u003e\r\n\u003c/ul\u003e"},{"attribute_code":"tag_keywords","value":"Daily Glow Cream,Face Cream ,Face Moisturizer,Vitamin C ,Antioxidants,Moisturizer,Hydration,Non-Sticky,Non-Greasy,"},{"attribute_code":"attribute_value_2","value":"\u003cul class=\"woodmart-list\"\u003e\r\n\u003cli\u003e\r\n\u003cdiv class=\"list-icon\"\u003e\u003cimg src=\"https://images.mamaearth.in/wysiwyg/Vitamin%20C%20Daily%20Glow%20Face%20Cream%20With%20Vitamin%20C%20%26%20Turmeric%20for%20Skin%20Illumination%20-%2080%20g/Retinol1.jpg\" alt=\"Retinol\" /\u003e\u003c/div\u003e\r\n\u003cspan class=\"list-content\" style=\"text-align: justify;\"\u003e\u003cstrong\u003eVitamin C : \u003c/strong\u003e Along with fighting sun damage and providing radiance, Vitamin C also helps in smoothing and firming the skin by encouraging the regeneration of new skin cells. \u003c/span\u003e\u003c/li\u003e\r\n\u003cli\u003e\r\n\u003cdiv class=\"list-icon\"\u003e\u003cimg src=\"https://images.mamaearth.in/wysiwyg/Vitamin%20C%20Daily%20Glow%20Face%20Cream%20With%20Vitamin%20C%20%26%20Turmeric%20for%20Skin%20Illumination%20-%2080%20g/Bakuchi1.jpg\" alt=\"Bakuchi\" /\u003e\u003c/div\u003e\r\n\u003cspan class=\"list-content\" style=\"text-align: justify;\"\u003e\u003cstrong\u003eTurmeric : \u003c/strong\u003e Loaded with antioxidants, it revives the skin’s natural glow. \u003c/span\u003e\u003c/li\u003e\r\n\u003cli\u003e\r\n\u003cdiv class=\"list-icon\"\u003e\u003cimg src=\"https://images.mamaearth.in/wysiwyg/22-08-22/FC/ingredient-3.jpg\" alt=\"Mulberry\" /\u003e\u003c/div\u003e\r\n\u003cspan class=\"list-content\" style=\"text-align: justify;\"\u003e\u003cstrong\u003eNiacinamide : \u003c/strong\u003e It reduces acne marks and blemishes. \u003c/span\u003e\u003c/li\u003e\r\n\u003cli\u003e\r\n\u003cdiv class=\"list-icon\"\u003e\u003cimg src=\"https://images.mamaearth.in/wysiwyg/Vitamin%20C%20Daily%20Glow%20Face%20Cream%20With%20Vitamin%20C%20%26%20Turmeric%20for%20Skin%20Illumination%20-%2080%20g/Mulberry1.jpg\" alt=\"Mulberry\" /\u003e\u003c/div\u003e\r\n\u003cspan class=\"list-content\" style=\"text-align: justify;\"\u003e\u003cstrong\u003eGlycerin : \u003c/strong\u003e It’s a powerful humectant that helps seal in the moisture.\u003c/span\u003e\u003c/li\u003e\r\n\u003c/ul\u003e"},{"attribute_code":"attribute_value_3","value":"\u003cul\u003e\r\n\u003cli\u003e\u003cspan class=\"list-content\"\u003e\u003cstrong\u003eStep 1 : \u003c/strong\u003e.Take an adequate amount of the cream.  \u003c/span\u003e\u003c/li\u003e\r\n\u003cli\u003e\u003cspan class=\"list-content\"\u003e\u003cstrong\u003eStep 2 : \u003c/strong\u003eApply evenly on your face  \u0026 neck.\u003c/span\u003e\u003c/li\u003e\r\n\u003cli\u003e\u003cspan class=\"list-content\"\u003e\u003cstrong\u003eStep 3 : \u003c/strong\u003eGently massage with your fingertips until it’s absorbed.  \u003c/span\u003e\u003c/li\u003e\r\n\u003cli\u003e\u003cspan class=\"list-content\"\u003e\u003cstrong\u003eStep 4 : \u003c/strong\u003eUse it daily for best results.  \u003c/span\u003e\u003c/li\u003e\r\n\u003c/ul\u003e"},{"attribute_code":"attribute_value_4","value":"\u003cul style=\"list-style: disc; padding-left: 1em;\"\u003e\r\n\u003cli\u003e\u003cspan class=\"list-content\"\u003eEveryone above the age of 18 years can use this\u003c/span\u003e\u003c/li\u003e\r\n\u003cli\u003e\u003cspan class=\"list-content\"\u003eSuitable for all skin types\u003c/span\u003e\u003c/li\u003e\r\n\u003c/ul\u003e"},{"attribute_code":"attribute_value_5","value":"\u003cul class=\"compare-list\"\u003e\r\n\u003cli\u003e\r\n\u003cdiv class=\"compare-img\"\u003e\u003cimg loading=\"lazy\" src=\"https://images.mamaearth.in/wysiwyg/Vitamin%20C%20Daily%20Glow%20Face%20Cream%20With%20Vitamin%20C%20%26%20Turmeric%20for%20Skin%20Illumination%20-%2080%20g/Vitamin%20C%20Glow%20Face%20Cream1.jpg\" alt=\"\" /\u003e\u003c/div\u003e\r\n\u003cdiv class=\"compare-content\"\u003e\r\n\u003cul\u003e\r\n\u003cli\u003eBrightens the Skin\u003c/li\u003e\r\n\u003cli\u003eMoisturizes Skin\u003c/li\u003e\r\n\u003cli\u003eFormula\u003c/li\u003e\r\n\u003cli\u003eMade Safe Certified\u003c/li\u003e\r\n\u003cli\u003eSuitable For All Skin Types\u003c/li\u003e\r\n\u003cli\u003eDermatologically Tested\u003c/li\u003e\r\n\u003cli\u003eCruelty-Free\u003c/li\u003e\r\n\u003cli\u003eToxin-Free \u0026amp; No Harmful Chemicals\u003c/li\u003e\r\n\u003c/ul\u003e\r\n\u003c/div\u003e\r\n\u003c/li\u003e\r\n\u003cli\u003e\r\n\u003cdiv class=\"compare-img\"\u003e\u003cimg loading=\"lazy\"  src=\"https://images.mamaearth.in/wysiwyg/Vitamin%20C%20Daily%20Glow%20Face%20Cream%20With%20Vitamin%20C%20%26%20Turmeric%20for%20Skin%20Illumination%20-%2080%20g/why%20mamaearth%20vitamin%20c%20better%20than%20others1.jpg\" alt=\" \" /\u003e\u003c/div\u003e\r\n\u003cdiv class=\"compare-content\"\u003e\r\n\u003cul\u003e\r\n\u003cli\u003eDoesn’t Improve Skin Tone\u003c/li\u003e\r\n\u003cli\u003eNot Moisturizing Enough\u003c/li\u003e\r\n\u003cli\u003eGreasy \u0026amp; Heavy\u003c/li\u003e\r\n\u003cli\u003eNot Made Safe Certified\u003c/li\u003e\r\n\u003cli\u003eNot Suitable for All Skin Types\u003c/li\u003e\r\n\u003cli\u003eNot Dermatologically Tested\u003c/li\u003e\r\n\u003cli\u003eNot Cruelty-free\u003c/li\u003e\r\n\u003cli\u003eContains Harmful Chemicals\u003c/li\u003e\r\n\u003c/ul\u003e\r\n\u003c/div\u003e\r\n\u003c/li\u003e\r\n\u003c/ul\u003e"},{"attribute_code":"attribute_value_6","value":"\u003ctable\u003e\r\n\u003ctbody\u003e\r\n\u003ctr\u003e\r\n\u003ctd\u003e\r\n\u003cp\u003e\u003cstrong\u003eIngredient\u003c/strong\u003e\u003c/p\u003e\r\n\u003c/td\u003e\r\n\u003ctd\u003e\r\n\u003cp\u003e\u003cstrong\u003eType\u003c/strong\u003e\u003c/p\u003e\r\n\u003c/td\u003e\r\n\u003ctd\u003e\r\n\u003cp\u003e\u003cstrong\u003eWhere Is It From\u003c/strong\u003e\u003c/p\u003e\r\n\u003c/td\u003e\r\n\u003ctd\u003e\r\n\u003cp\u003e\u003cstrong\u003eHow It Helps\u003c/strong\u003e\u003c/p\u003e\r\n\u003c/td\u003e\r\n\u003c/tr\u003e\r\n\u003ctr\u003e\r\n\u003ctd\u003e\r\n\u003cp\u003e\u003cspan style=\"font-weight: 400;\"\u003eAqua\u003c/span\u003e\u003c/p\u003e\r\n\u003c/td\u003e\r\n\u003ctd\u003e\r\n\u003cp\u003e\u003cspan style=\"font-weight: 400;\"\u003eNatural\u003c/span\u003e\u003c/p\u003e\r\n\u003c/td\u003e\r\n\u003ctd\u003e\r\n\u003cp\u003e\u003cspan style=\"font-weight: 400;\"\u003eWater\u003c/span\u003e\u003c/p\u003e\r\n\u003c/td\u003e\r\n\u003ctd\u003e\r\n\u003cp\u003e\u003cspan style=\"font-weight: 400;\"\u003eDiluent\u003c/span\u003e\u003c/p\u003e\r\n\u003c/td\u003e\r\n\u003c/tr\u003e\r\n\u003ctr\u003e\r\n\u003ctd\u003e\r\n\u003cp\u003e\u003cspan style=\"font-weight: 400;\"\u003eStearic Acid\u003c/span\u003e\u003c/p\u003e\r\n\u003c/td\u003e\r\n\u003ctd\u003e\r\n\u003cp\u003e\u003cspan style=\"font-weight: 400;\"\u003eNatural\u003c/span\u003e\u003c/p\u003e\r\n\u003c/td\u003e\r\n\u003ctd\u003e\r\n\u003cp\u003e\u003cspan style=\"font-weight: 400;\"\u003ePlant-Based\u003c/span\u003e\u003c/p\u003e\r\n\u003c/td\u003e\r\n\u003ctd\u003e\r\n\u003cp\u003e\u003cspan style=\"font-weight: 400;\"\u003eEmollient\u003c/span\u003e\u003c/p\u003e\r\n\u003c/td\u003e\r\n\u003c/tr\u003e\r\n\u003ctr\u003e\r\n\u003ctd\u003e\r\n\u003cp\u003e\u003cspan style=\"font-weight: 400;\"\u003eIsopropyl Myristate\u003c/span\u003e\u003c/p\u003e\r\n\u003c/td\u003e\r\n\u003ctd\u003e\r\n\u003cp\u003e\u003cspan style=\"font-weight: 400;\"\u003eNatural\u003c/span\u003e\u003c/p\u003e\r\n\u003c/td\u003e\r\n\u003ctd\u003e\r\n\u003cp\u003e\u003cspan style=\"font-weight: 400;\"\u003ePlant-Based\u003c/span\u003e\u003c/p\u003e\r\n\u003c/td\u003e\r\n\u003ctd\u003e\r\n\u003cp\u003e\u003cspan style=\"font-weight: 400;\"\u003eMoisturizer\u003c/span\u003e\u003c/p\u003e\r\n\u003c/td\u003e\r\n\u003c/tr\u003e\r\n\u003ctr\u003e\r\n\u003ctd\u003e\r\n\u003cp\u003e\u003cspan style=\"font-weight: 400;\"\u003eNiacinamide\u003c/span\u003e\u003c/p\u003e\r\n\u003c/td\u003e\r\n\u003ctd\u003e\r\n\u003cp\u003e\u003cspan style=\"font-weight: 400;\"\u003eNatural\u003c/span\u003e\u003c/p\u003e\r\n\u003c/td\u003e\r\n\u003ctd\u003e\r\n\u003cp\u003e\u003cspan style=\"font-weight: 400;\"\u003ePlant-Based\u003c/span\u003e\u003c/p\u003e\r\n\u003c/td\u003e\r\n\u003ctd\u003e\r\n\u003cp\u003e\u003cspan style=\"font-weight: 400;\"\u003eFades Blemishes\u003c/span\u003e\u003c/p\u003e\r\n\u003c/td\u003e\r\n\u003c/tr\u003e\r\n\u003ctr\u003e\r\n\u003ctd\u003e\r\n\u003cp\u003e\u003cspan style=\"font-weight: 400;\"\u003eGlycerin\u003c/span\u003e\u003c/p\u003e\r\n\u003c/td\u003e\r\n\u003ctd\u003e\r\n\u003cp\u003e\u003cspan style=\"font-weight: 400;\"\u003eNatural\u003c/span\u003e\u003c/p\u003e\r\n\u003c/td\u003e\r\n\u003ctd\u003e\r\n\u003cp\u003e\u003cspan style=\"font-weight: 400;\"\u003ePlant-Based\u003c/span\u003e\u003c/p\u003e\r\n\u003c/td\u003e\r\n\u003ctd\u003e\r\n\u003cp\u003e\u003cspan style=\"font-weight: 400;\"\u003eHumectant\u003c/span\u003e\u003c/p\u003e\r\n\u003c/td\u003e\r\n\u003c/tr\u003e\r\n\u003ctr\u003e\r\n\u003ctd\u003e\r\n\u003cp\u003e\u003cspan style=\"font-weight: 400;\"\u003ePalmitic Acid\u003c/span\u003e\u003c/p\u003e\r\n\u003c/td\u003e\r\n\u003ctd\u003e\r\n\u003cp\u003e\u003cspan style=\"font-weight: 400;\"\u003eNatural\u003c/span\u003e\u003c/p\u003e\r\n\u003c/td\u003e\r\n\u003ctd\u003e\r\n\u003cp\u003e\u003cspan style=\"font-weight: 400;\"\u003ePlant-Based\u003c/span\u003e\u003c/p\u003e\r\n\u003c/td\u003e\r\n\u003ctd\u003e\r\n\u003cp\u003e\u003cspan style=\"font-weight: 400;\"\u003eEmollient\u003c/span\u003e\u003c/p\u003e\r\n\u003c/td\u003e\r\n\u003c/tr\u003e\r\n\u003ctr\u003e\r\n\u003ctd\u003e\r\n\u003cp\u003e\u003cspan style=\"font-weight: 400;\"\u003eC15-19 Alkane\u003c/span\u003e\u003c/p\u003e\r\n\u003c/td\u003e\r\n\u003ctd\u003e\r\n\u003cp\u003e\u003cspan style=\"font-weight: 400;\"\u003eNatural\u003c/span\u003e\u003c/p\u003e\r\n\u003c/td\u003e\r\n\u003ctd\u003e\r\n\u003cp\u003e\u003cspan style=\"font-weight: 400;\"\u003ePlant-Based\u003c/span\u003e\u003c/p\u003e\r\n\u003c/td\u003e\r\n\u003ctd\u003e\r\n\u003cp\u003e\u003cspan style=\"font-weight: 400;\"\u003eEmollient\u003c/span\u003e\u003c/p\u003e\r\n\u003c/td\u003e\r\n\u003c/tr\u003e\r\n\u003ctr\u003e\r\n\u003ctd\u003e\r\n\u003cp\u003e\u003cspan style=\"font-weight: 400;\"\u003eAvobenzone\u003c/span\u003e\u003c/p\u003e\r\n\u003c/td\u003e\r\n\u003ctd\u003e\r\n\u003cp\u003e\u003cspan style=\"font-weight: 400;\"\u003eSynthetic\u003c/span\u003e\u003c/p\u003e\r\n\u003c/td\u003e\r\n\u003ctd\u003e\r\n\u003cp\u003e\u003cspan style=\"font-weight: 400;\"\u003eLab Synthesized\u003c/span\u003e\u003c/p\u003e\r\n\u003c/td\u003e\r\n\u003ctd\u003e\r\n\u003cp\u003e\u003cspan style=\"font-weight: 400;\"\u003eSunscreen\u003c/span\u003e\u003c/p\u003e\r\n\u003c/td\u003e\r\n\u003c/tr\u003e\r\n\u003ctr\u003e\r\n\u003ctd\u003e\r\n\u003cp\u003e\u003cspan style=\"font-weight: 400;\"\u003eHomosalate\u003c/span\u003e\u003c/p\u003e\r\n\u003c/td\u003e\r\n\u003ctd\u003e\r\n\u003cp\u003e\u003cspan style=\"font-weight: 400;\"\u003eSynthetic\u003c/span\u003e\u003c/p\u003e\r\n\u003c/td\u003e\r\n\u003ctd\u003e\r\n\u003cp\u003e\u003cspan style=\"font-weight: 400;\"\u003eLab Synthesized\u003c/span\u003e\u003c/p\u003e\r\n\u003c/td\u003e\r\n\u003ctd\u003e\r\n\u003cp\u003e\u003cspan style=\"font-weight: 400;\"\u003eUV Filter\u003c/span\u003e\u003c/p\u003e\r\n\u003c/td\u003e\r\n\u003c/tr\u003e\r\n\u003ctr\u003e\r\n\u003ctd\u003e\r\n\u003cp\u003e\u003cspan style=\"font-weight: 400;\"\u003ePhenoxyethanol\u003c/span\u003e\u003cspan style=\"font-weight: 400;\"\u003e\u003cbr /\u003e\u003cbr /\u003e\u003c/span\u003e\u003c/p\u003e\r\n\u003c/td\u003e\r\n\u003ctd\u003e\r\n\u003cp\u003e\u003cspan style=\"font-weight: 400;\"\u003eNatural\u003c/span\u003e\u003c/p\u003e\r\n\u003c/td\u003e\r\n\u003ctd\u003e\r\n\u003cp\u003e\u003cspan style=\"font-weight: 400;\"\u003ePlant-Based\u003c/span\u003e\u003c/p\u003e\r\n\u003c/td\u003e\r\n\u003ctd\u003e\r\n\u003cp\u003e\u003cspan style=\"font-weight: 400;\"\u003eNatural Preservative\u003c/span\u003e\u003c/p\u003e\r\n\u003c/td\u003e\r\n\u003c/tr\u003e\r\n\u003ctr\u003e\r\n\u003ctd\u003e\r\n\u003cp\u003e\u003cspan style=\"font-weight: 400;\"\u003eEthylhexylglycerin\u003c/span\u003e\u003c/p\u003e\r\n\u003c/td\u003e\r\n\u003ctd\u003e\r\n\u003cp\u003e\u003cspan style=\"font-weight: 400;\"\u003eNatural\u003c/span\u003e\u003c/p\u003e\r\n\u003c/td\u003e\r\n\u003ctd\u003e\r\n\u003cp\u003e\u003cspan style=\"font-weight: 400;\"\u003ePlant-Based\u003c/span\u003e\u003c/p\u003e\r\n\u003c/td\u003e\r\n\u003ctd\u003e\r\n\u003cp\u003e\u003cspan style=\"font-weight: 400;\"\u003eSkin-Softening Agent\u003c/span\u003e\u003c/p\u003e\r\n\u003c/td\u003e\r\n\u003c/tr\u003e\r\n\u003ctr\u003e\r\n\u003ctd\u003e\r\n\u003cp\u003e\u003cspan style=\"font-weight: 400;\"\u003ePotassium Hydroxide\u003c/span\u003e\u003c/p\u003e\r\n\u003c/td\u003e\r\n\u003ctd\u003e\r\n\u003cp\u003e\u003cspan style=\"font-weight: 400;\"\u003eSynthetic\u003c/span\u003e\u003c/p\u003e\r\n\u003c/td\u003e\r\n\u003ctd\u003e\r\n\u003cp\u003e\u003cspan style=\"font-weight: 400;\"\u003eLab Synthesized\u003c/span\u003e\u003c/p\u003e\r\n\u003c/td\u003e\r\n\u003ctd\u003e\r\n\u003cp\u003e\u003cspan style=\"font-weight: 400;\"\u003epH Modulator\u003c/span\u003e\u003c/p\u003e\r\n\u003c/td\u003e\r\n\u003c/tr\u003e\r\n\u003ctr\u003e\r\n\u003ctd\u003e\r\n\u003cp\u003e\u003cspan style=\"font-weight: 400;\"\u003eGlyceryl Stearate\u003c/span\u003e\u003c/p\u003e\r\n\u003c/td\u003e\r\n\u003ctd\u003e\r\n\u003cp\u003e\u003cspan style=\"font-weight: 400;\"\u003eNatural\u003c/span\u003e\u003c/p\u003e\r\n\u003c/td\u003e\r\n\u003ctd\u003e\r\n\u003cp\u003e\u003cspan style=\"font-weight: 400;\"\u003ePlant-Based\u003c/span\u003e\u003c/p\u003e\r\n\u003c/td\u003e\r\n\u003ctd\u003e\r\n\u003cp\u003e\u003cspan style=\"font-weight: 400;\"\u003eEmollient\u003c/span\u003e\u003c/p\u003e\r\n\u003c/td\u003e\r\n\u003c/tr\u003e\r\n\u003ctr\u003e\r\n\u003ctd\u003e\r\n\u003cp\u003e\u003cspan style=\"font-weight: 400;\"\u003eTitanium Dioxide\u003c/span\u003e\u003c/p\u003e\r\n\u003c/td\u003e\r\n\u003ctd\u003e\r\n\u003cp\u003e\u003cspan style=\"font-weight: 400;\"\u003eNatural\u003c/span\u003e\u003c/p\u003e\r\n\u003c/td\u003e\r\n\u003ctd\u003e\r\n\u003cp\u003e\u003cspan style=\"font-weight: 400;\"\u003eMineral\u003c/span\u003e\u003c/p\u003e\r\n\u003c/td\u003e\r\n\u003ctd\u003e\r\n\u003cp\u003e\u003cspan style=\"font-weight: 400;\"\u003eUV Filter\u003c/span\u003e\u003c/p\u003e\r\n\u003c/td\u003e\r\n\u003c/tr\u003e\r\n\u003ctr\u003e\r\n\u003ctd\u003e\r\n\u003cp\u003e\u003cspan style=\"font-weight: 400;\"\u003eMica\u003c/span\u003e\u003c/p\u003e\r\n\u003c/td\u003e\r\n\u003ctd\u003e\r\n\u003cp\u003e\u003cspan style=\"font-weight: 400;\"\u003eNatural\u003c/span\u003e\u003c/p\u003e\r\n\u003c/td\u003e\r\n\u003ctd\u003e\r\n\u003cp\u003e\u003cspan style=\"font-weight: 400;\"\u003eMineral\u003c/span\u003e\u003c/p\u003e\r\n\u003c/td\u003e\r\n\u003ctd\u003e\r\n\u003cp\u003e\u003cspan style=\"font-weight: 400;\"\u003eIlluminator\u003c/span\u003e\u003c/p\u003e\r\n\u003c/td\u003e\r\n\u003c/tr\u003e\r\n\u003ctr\u003e\r\n\u003ctd\u003e\r\n\u003cp\u003e\u003cspan style=\"font-weight: 400;\"\u003eCetyl Alcohol\u003c/span\u003e\u003c/p\u003e\r\n\u003c/td\u003e\r\n\u003ctd\u003e\r\n\u003cp\u003e\u003cspan style=\"font-weight: 400;\"\u003eSynthetic\u003c/span\u003e\u003c/p\u003e\r\n\u003c/td\u003e\r\n\u003ctd\u003e\r\n\u003cp\u003e\u003cspan style=\"font-weight: 400;\"\u003eLab Synthesized\u003c/span\u003e\u003c/p\u003e\r\n\u003c/td\u003e\r\n\u003ctd\u003e\r\n\u003cp\u003e\u003cspan style=\"font-weight: 400;\"\u003eMoisturizer\u003c/span\u003e\u003c/p\u003e\r\n\u003c/td\u003e\r\n\u003c/tr\u003e\r\n\u003ctr\u003e\r\n\u003ctd\u003e\r\n\u003cp\u003e\u003cspan style=\"font-weight: 400;\"\u003eDisodium EDTA \u003c/span\u003e\u003c/p\u003e\r\n\u003c/td\u003e\r\n\u003ctd\u003e\r\n\u003cp\u003e\u003cspan style=\"font-weight: 400;\"\u003eSynthetic\u003c/span\u003e\u003c/p\u003e\r\n\u003c/td\u003e\r\n\u003ctd\u003e\r\n\u003cp\u003e\u003cspan style=\"font-weight: 400;\"\u003eLab Synthesized\u003c/span\u003e\u003c/p\u003e\r\n\u003c/td\u003e\r\n\u003ctd\u003e\r\n\u003cp\u003e\u003cspan style=\"font-weight: 400;\"\u003ePreservative\u003c/span\u003e\u003c/p\u003e\r\n\u003c/td\u003e\r\n\u003c/tr\u003e\r\n\u003ctr\u003e\r\n\u003ctd\u003e\r\n\u003cp\u003e\u003cspan style=\"font-weight: 400;\"\u003eIFRA Certified Allergen\u003c/span\u003e\u003c/p\u003e\r\n\u003cp\u003e\u003cspan style=\"font-weight: 400;\"\u003eFree Fragrance\u003c/span\u003e\u003c/p\u003e\r\n\u003c/td\u003e\r\n\u003ctd\u003e\r\n\u003cp\u003e\u003cspan style=\"font-weight: 400;\"\u003eSynthetic\u003c/span\u003e\u003c/p\u003e\r\n\u003c/td\u003e\r\n\u003ctd\u003e\r\n\u003cp\u003e\u003cspan style=\"font-weight: 400;\"\u003eLab-Synthesized\u003c/span\u003e\u003c/p\u003e\r\n\u003c/td\u003e\r\n\u003ctd\u003e\r\n\u003cp\u003e\u003cspan style=\"font-weight: 400;\"\u003eFragrance\u003c/span\u003e\u003c/p\u003e\r\n\u003c/td\u003e\r\n\u003c/tr\u003e\r\n\u003ctr\u003e\r\n\u003ctd\u003e\r\n\u003cp\u003e\u003cspan style=\"font-weight: 400;\"\u003eAllantoin\u003c/span\u003e\u003c/p\u003e\r\n\u003c/td\u003e\r\n\u003ctd\u003e\r\n\u003cp\u003e\u003cspan style=\"font-weight: 400;\"\u003eSynthetic\u003c/span\u003e\u003c/p\u003e\r\n\u003c/td\u003e\r\n\u003ctd\u003e\r\n\u003cp\u003e\u003cspan style=\"font-weight: 400;\"\u003eLab-Synthesized\u003c/span\u003e\u003c/p\u003e\r\n\u003c/td\u003e\r\n\u003ctd\u003e\r\n\u003cp\u003e\u003cspan style=\"font-weight: 400;\"\u003eMoisturizer\u003c/span\u003e\u003c/p\u003e\r\n\u003c/td\u003e\r\n\u003c/tr\u003e\r\n\u003ctr\u003e\r\n\u003ctd\u003e\r\n\u003cp\u003e\u003cspan style=\"font-weight: 400;\"\u003eNatural Tocopherol\u003c/span\u003e\u003c/p\u003e\r\n\u003c/td\u003e\r\n\u003ctd\u003e\r\n\u003cp\u003e\u003cspan style=\"font-weight: 400;\"\u003eNatural\u003c/span\u003e\u003c/p\u003e\r\n\u003c/td\u003e\r\n\u003ctd\u003e\r\n\u003cp\u003e\u003cspan style=\"font-weight: 400;\"\u003ePlant-Based\u003c/span\u003e\u003c/p\u003e\r\n\u003c/td\u003e\r\n\u003ctd\u003e\r\n\u003cp\u003e\u003cspan style=\"font-weight: 400;\"\u003eAntioxidant\u003c/span\u003e\u003c/p\u003e\r\n\u003c/td\u003e\r\n\u003c/tr\u003e\r\n\u003ctr\u003e\r\n\u003ctd\u003e\r\n\u003cp\u003e\u003cspan style=\"font-weight: 400;\"\u003e Calcium Pantothenate\u003c/span\u003e\u003c/p\u003e\r\n\u003c/td\u003e\r\n\u003ctd\u003e\r\n\u003cp\u003e\u003cspan style=\"font-weight: 400;\"\u003eSynthetic\u003c/span\u003e\u003c/p\u003e\r\n\u003c/td\u003e\r\n\u003ctd\u003e\r\n\u003cp\u003e\u003cspan style=\"font-weight: 400;\"\u003eLab-Synthesized\u003c/span\u003e\u003c/p\u003e\r\n\u003c/td\u003e\r\n\u003ctd\u003e\r\n\u003cp\u003e\u003cspan style=\"font-weight: 400;\"\u003eAnti-inflammatory\u003c/span\u003e\u003c/p\u003e\r\n\u003c/td\u003e\r\n\u003c/tr\u003e\r\n\u003ctr\u003e\r\n\u003ctd\u003e\r\n\u003cp\u003e\u003cspan style=\"font-weight: 400;\"\u003e Sodium Ascorbyl \u003c/span\u003e\u003c/p\u003e\r\n\u003cbr /\u003e\r\n\u003cp\u003e\u003cspan style=\"font-weight: 400;\"\u003e Phosphate (Vitamin C)\u003c/span\u003e\u003c/p\u003e\r\n\u003c/td\u003e\r\n\u003ctd\u003e\r\n\u003cp\u003e\u003cspan style=\"font-weight: 400;\"\u003eNatural\u003c/span\u003e\u003c/p\u003e\r\n\u003c/td\u003e\r\n\u003ctd\u003e\r\n\u003cp\u003e\u003cspan style=\"font-weight: 400;\"\u003ePlant-Based\u003c/span\u003e\u003c/p\u003e\r\n\u003c/td\u003e\r\n\u003ctd\u003e\r\n\u003cp\u003e\u003cspan style=\"font-weight: 400;\"\u003eAntioxidant\u003c/span\u003e\u003c/p\u003e\r\n\u003c/td\u003e\r\n\u003c/tr\u003e\r\n\u003ctr\u003e\r\n\u003ctd\u003e\r\n\u003cp\u003e\u003cspan style=\"font-weight: 400;\"\u003e Tocopheryl Acetate\u003c/span\u003e\u003c/p\u003e\r\n\u003c/td\u003e\r\n\u003ctd\u003e\r\n\u003cp\u003e\u003cspan style=\"font-weight: 400;\"\u003eNatural\u003c/span\u003e\u003c/p\u003e\r\n\u003c/td\u003e\r\n\u003ctd\u003e\r\n\u003cp\u003e\u003cspan style=\"font-weight: 400;\"\u003ePlant-Based\u003c/span\u003e\u003c/p\u003e\r\n\u003c/td\u003e\r\n\u003ctd\u003e\r\n\u003cp\u003e\u003cspan style=\"font-weight: 400;\"\u003eAntioxidant\u003c/span\u003e\u003c/p\u003e\r\n\u003c/td\u003e\r\n\u003c/tr\u003e\r\n\u003ctr\u003e\r\n\u003ctd\u003e\r\n\u003cp\u003e\u003cspan style=\"font-weight: 400;\"\u003ePyridoxine HCl\u003c/span\u003e\u003c/p\u003e\r\n\u003c/td\u003e\r\n\u003ctd\u003e\r\n\u003cp\u003e\u003cspan style=\"font-weight: 400;\"\u003eNatural\u003c/span\u003e\u003c/p\u003e\r\n\u003c/td\u003e\r\n\u003ctd\u003e\r\n\u003cp\u003e\u003cspan style=\"font-weight: 400;\"\u003ePlant-Based\u003c/span\u003e\u003c/p\u003e\r\n\u003c/td\u003e\r\n\u003ctd\u003e\r\n\u003cp\u003e\u003cspan style=\"font-weight: 400;\"\u003eSkin Conditioning Agent\u003c/span\u003e\u003c/p\u003e\r\n\u003c/td\u003e\r\n\u003c/tr\u003e\r\n\u003ctr\u003e\r\n\u003ctd\u003e\r\n\u003cp\u003e\u003cspan style=\"font-weight: 400;\"\u003eMaltodextrin\u003c/span\u003e\u003c/p\u003e\r\n\u003c/td\u003e\r\n\u003ctd\u003e\r\n\u003cp\u003e\u003cspan style=\"font-weight: 400;\"\u003eNatural\u003c/span\u003e\u003c/p\u003e\r\n\u003c/td\u003e\r\n\u003ctd\u003e\r\n\u003cp\u003e\u003cspan style=\"font-weight: 400;\"\u003ePlant-Based\u003c/span\u003e\u003c/p\u003e\r\n\u003c/td\u003e\r\n\u003ctd\u003e\r\n\u003cp\u003e\u003cspan style=\"font-weight: 400;\"\u003eMoisturizer\u003c/span\u003e\u003c/p\u003e\r\n\u003c/td\u003e\r\n\u003c/tr\u003e\r\n\u003ctr\u003e\r\n\u003ctd\u003e\r\n\u003cp\u003e\u003cspan style=\"font-weight: 400;\"\u003eSodium Starch \u003c/span\u003e\u003c/p\u003e\r\n\u003c/td\u003e\r\n\u003ctd\u003e\r\n\u003cp\u003e\u003cspan style=\"font-weight: 400;\"\u003eSynthetic\u003c/span\u003e\u003c/p\u003e\r\n\u003c/td\u003e\r\n\u003ctd\u003e\r\n\u003cp\u003e\u003cspan style=\"font-weight: 400;\"\u003eLab-Synthesized\u003c/span\u003e\u003c/p\u003e\r\n\u003c/td\u003e\r\n\u003ctd\u003e\r\n\u003cp\u003e\u003cspan style=\"font-weight: 400;\"\u003eStabilizer\u003c/span\u003e\u003c/p\u003e\r\n\u003c/td\u003e\r\n\u003c/tr\u003e\r\n\u003ctr\u003e\r\n\u003ctd\u003e\r\n\u003cp\u003e\u003cspan style=\"font-weight: 400;\"\u003eOctenylsuccinate\u003c/span\u003e\u003c/p\u003e\r\n\u003c/td\u003e\r\n\u003ctd\u003e\r\n\u003cp\u003e\u003cspan style=\"font-weight: 400;\"\u003eSynthetic\u003c/span\u003e\u003c/p\u003e\r\n\u003c/td\u003e\r\n\u003ctd\u003e\r\n\u003cp\u003e\u003cspan style=\"font-weight: 400;\"\u003eLab-Synthesized\u003c/span\u003e\u003c/p\u003e\r\n\u003c/td\u003e\r\n\u003ctd\u003e\r\n\u003cp\u003e\u003cspan style=\"font-weight: 400;\"\u003eThickener\u003c/span\u003e\u003c/p\u003e\r\n\u003c/td\u003e\r\n\u003c/tr\u003e\r\n\u003ctr\u003e\r\n\u003ctd\u003e\r\n\u003cp\u003e\u003cspan style=\"font-weight: 400;\"\u003eSilica\u003c/span\u003e\u003c/p\u003e\r\n\u003c/td\u003e\r\n\u003ctd\u003e\r\n\u003cp\u003e\u003cspan style=\"font-weight: 400;\"\u003eNatural\u003c/span\u003e\u003c/p\u003e\r\n\u003c/td\u003e\r\n\u003ctd\u003e\r\n\u003cp\u003e\u003cspan style=\"font-weight: 400;\"\u003eMineral\u003c/span\u003e\u003c/p\u003e\r\n\u003c/td\u003e\r\n\u003ctd\u003e\r\n\u003cp\u003e\u003cspan style=\"font-weight: 400;\"\u003eTexture Enhancer\u003c/span\u003e\u003c/p\u003e\r\n\u003c/td\u003e\r\n\u003c/tr\u003e\r\n\u003ctr\u003e\r\n\u003ctd\u003e\r\n\u003cp\u003e\u003cspan style=\"font-weight: 400;\"\u003eCurcuma Longa (Turmeric) Root Extract.\u003c/span\u003e\u003c/p\u003e\r\n\u003c/td\u003e\r\n\u003ctd\u003e\r\n\u003cp\u003e\u003cspan style=\"font-weight: 400;\"\u003eNatural\u003c/span\u003e\u003c/p\u003e\r\n\u003c/td\u003e\r\n\u003ctd\u003e\r\n\u003cp\u003e\u003cspan style=\"font-weight: 400;\"\u003ePlant-Based\u003c/span\u003e\u003c/p\u003e\r\n\u003c/td\u003e\r\n\u003ctd\u003e\r\n\u003cp\u003e\u003cspan style=\"font-weight: 400;\"\u003eAntioxidant\u003c/span\u003e\u003c/p\u003e\r\n\u003c/td\u003e\r\n\u003c/tr\u003e\r\n\u003c/tbody\u003e\r\n\u003c/table\u003e\r\n\u003cp\u003e\u003cbr /\u003e\u003cbr /\u003e\u003c/p\u003e"},{"attribute_code":"attribute_value_7","value":"\u003cdiv id=\"faqs\"\u003e\r\n\u003cp\u003eCan I Use This at Night?\u003c/p\u003e\r\n\u003cp\u003eYes, you can use it at any time of the day.\u003c/p\u003e\r\n\u003cp\u003eWill This Work for Acne-Prone Skin?\u003c/p\u003e\r\n\u003cp\u003eYes, the Vitamin C Daily Glow Face Cream is suitable for all skin types.\u003c/p\u003e\r\n\u003cp\u003eCan Men Use It?\u003c/p\u003e\r\n\u003cp\u003eAbsolutely! The Vitamin C Daily Glow Face Cream can be used by everyone above the age of 18 years.\u003c/p\u003e\r\n\u003cp\u003eWill This Work for Oily Skin?\u003c/p\u003e\r\n\u003cp\u003eYes, the Vitamin C Daily Glow Face Cream has a lightweight formulation that will suit oily skin.\u003c/p\u003e\r\n\u003cp\u003eCan I Use It On My Body?\u003c/p\u003e\r\n\u003cp\u003eYes, you can use it on the body. You can also explore our range of body lotions.\u003c/p\u003e\r\n\u003cp\u003eWhich daily cream is best for glowing skin?\u003c/p\u003e\r\n\u003cp\u003eWe recommend using a face cream enriched with natural ingredients and their lasting benefits. It should have zero toxicity and be MadeSafe Certified. Apart from these parameters, it should offer your skin some long-lasting benefits that ensure you have naturally healthy skin with every application. Mamaearth Daily Glow Face Cream meets all the above criteria and can be recommended for glowing skin. It has the goodness of Vitamin C \u0026amp; Turmeric that offer anti-aging and skin-illuminating benefits to your face and deep moisturization. It can be used daily on clean skin, twice a day, for best results.\u003c/p\u003e\r\n\u003cp\u003eWhich is the best cream for the face for daily use?\u003c/p\u003e\r\n\u003cp\u003eA face cream with naturally nourishing agents for your facial skin would be a better choice. You may try Mamaearth’s Vitamin C Daily Cream for daily use. It has the natural goodness of Turmeric, Vitamin C, and Niacinamide that help promote a bright and even complexion. It also offers your skin amazing moisturizing benefits and keeps your skin free from dryness with every application.\u003c/p\u003e\r\n\u003cp\u003eWhich cream brings a glow to the face?\u003c/p\u003e\r\n\u003cp\u003eVitamin C is one skin-brightening agent that effectively clears facial pores. It gives your skin a brighter and more radiant skin tone. Keeping these properties in mind, we recommend you use Mamaearth Vitamin C Daily Glow Face Cream. It is natural, dermatologically tested for all skin types, and free from harmful toxins.\u003c/p\u003e\r\n\u003cp\u003eWhich face cream is the best for daily use in Mamaearth?\u003c/p\u003e\r\n\u003cp\u003eMamaearth offers various face creams and moisturizers for daily use. However, if you wish to achieve a natural, long-lasting radiance on your skin, we recommend you use Mamaearth Vitamin C Daily Glow Face Cream. It has the innate goodness of Turmeric and Vitamin C that combine to give improved and brightened skin tone, moisturized skin, and toxin-free care to your facial skin. In addition, it is not tested on animals and is MadeSafe-certified.\u003c/p\u003e\r\n\u003cp\u003eWhat is the Mamaearth daily glow face cream price?\u003c/p\u003e\r\n\u003cp\u003eThe Mamaearth daily glow face cream price is Rs. 249.\u003c/p\u003e\r\n\u003cp\u003eWhat is good for face skin glow?\u003c/p\u003e\r\n\u003cp\u003eYour face needs regular cleansing with the best and most natural skincare products, along with a change in your hectic lifestyle. For ages, Turmeric and Vitamin C have been considered very beneficial in our skincare routines. Vitamin C helps fight sun damage, and Turmeric helps deeply exfoliate your skin from within and removes all the impurities caused by environmental pollutants. Therefore, experts recommend incorporating a good face cream with the goodness of Vitamin C and Turmeric for glowing and radiant skin. One such example is Mamaearth Vitamin C Daily Glow Face Cream. It comes with the goodness of Vitamin C and Turmeric that help give your skin the daily dose of nourishment and care it deserves. \u003c/p\u003e\r\n\u003cp\u003eHow can I naturally glow up?\u003c/p\u003e\r\n\u003cp\u003eA positive change in one's mental, physical, and emotional state is known as a \"glow-up.\" Both planned, and natural glow-ups are possible in addition to being quick and transient or slow and persistent. Your body will benefit from all that nutrition if you consume a healthy, nutrient-rich diet. It helps eliminate puffy eyes and dark circles under your eyes if you sleep well every night and stay hydrated. Wearing sunglasses and SPF to protect yourself from the sun are just two of the many things you can do to shield yourself from harm in the future. Skincare products with potent ingredients like vitamin C can also be used to fix damage that has already occurred.\u003c/p\u003e\r\n\u003cp\u003eWhich vitamin is for skin brightening?\u003c/p\u003e\r\n\u003cp\u003eVitamin C is the most recommended vitamin for skin brightening. Experts believe that Vitamin C helps in the brightening process by preparing the skin cells and increasing their susceptibility to the effects of glutathione. Furthermore, studies indicate that vitamin C alone may have some brightening effects.\u003c/p\u003e\r\n\u003cp\u003eWhat are the five benefits of Vitamin C?\u003c/p\u003e\r\n\u003cp\u003eVitamin C has various essential benefits to serve our skin. It is one of the safest ingredients that helps deeply hydrate our skin. It also helps brighten our skin from within and reduces redness, hyperpigmentation, and the appearance of under-eye dark circles. It promotes collagen production and prevents premature aging. A perfect addition to your everyday skincare products for glowing and radiant skin\u003c/p\u003e\r\n\u003cp\u003eCan I wear Vitamin C in the sun?\u003c/p\u003e\r\n\u003cp\u003eUnlike other active ingredients like retinol and hydroxy acids, Vitamin C does not accelerate skin burning or isn’t prone to sun damage. As an antioxidant, this vitamin helps shield the skin from the sun’s harmful UV rays.\u003c/p\u003e\r\n\u003c/div\u003e"},{"attribute_code":"special_from_date","value":"2024-05-10 07:39:00"}],"hide_in_front":0,"image":"/v/i/vit-c-glow-cream1.jpg","is_in_stock":true,"name":"Vitamin C Daily Glow Face Cream With Vitamin C \u0026 Turmeric for Skin Illumination - 80 g","position":"5","price":"249.00","product_card_tags":"Brightens Skin | Moisturizes Skin","review_count":156,"sku":"8904417301762","special_price":"","special_price_from_date":{"date":"2024-05-10 13:09:00","timezone_type":3,"timezone":"Asia/Kolkata"},"tags":"best-seller","url_key":"vitamin-c-daily-glow-face-cream-with-vitamin-c-turmeric-for-skin-illumination-80-g","imageAltTags":["vitamin c daily glow face cream","daily glow face cream","vitamin c face cream","vitamin c daily glow face cream benefits","daily glow face cream","daily glow face cream review\r\n","daily glow cream","mamaearth vitamin c face cream "],"configurable_option":{"attribute_id":285,"option_id":304,"attribute_label":"Vitamin_C_Face_Cream","title":"80g","swatch_data":{"swatch_id":425,"option_id":304,"store_id":1,"type":0,"value":"80g"}},"siblings":[{"id":690,"sku":"8904417302608","name":"Vitamin C Daily Glow Face Cream With Vitamin C \u0026 Turmeric for Skin Illumination - 150 g","url_key":"vitamin-c-daily-glow-face-cream-with-vitamin-c-turmeric-for-skin-illumination-150-g","price":"399.00","is_in_stock":true,"custom_attributes":[{"attribute_code":"saving_scheme","value":"price_per_100_gm"},{"attribute_code":"volume","value":"150"}],"special_price":"","parent_id":1182,"attribute_id":285,"option_id":305,"parent_sku":"87678765","attribute_label":"Vitamin_C_Face_Cream","title":"150g","swatch_data":{"swatch_id":427,"option_id":305,"store_id":1,"type":0,"value":"150g"},"special_from_date":{"date":"2023-10-19 23:22:00","timezone_type":3,"timezone":"Asia/Kolkata"}}],"product_subtitle_keys":["Buy 1 Get 1 FREE"," Face Cream"," Vitamin C"],"size":"80g","unitPrice":"3.11/g","old_productid":"753","generic_name":null},{"id":959,"tier_prices":[],"avg_rating_percent":99,"categories":[2,27,39,272,31,160,162,338,353,356,295,163,158,393,421,52,372],"created_at":"2023-06-05 10:24:29","custom_attributes":[{"attribute_code":"manufacturer","value":"Indo Herbal Products, Unit-2, Plot No. 28-29, Sector 1B, IIE, SIDCUL, Ranipur, Haridwar, 249403 Regd. Address: - C-84 Panchsheel Enclave, New Delhi, India – 110017  "},{"attribute_code":"meta_title","value":"Rosemary Shampoo for Hair with Methi Dana \u0026 Rosemary -250ml"},{"attribute_code":"meta_description","value":"Rosemary shampoo for hair loss \u0026 breakage control. Mamaearth rosemary anti hair fall shampoo with rosemary \u0026 methi dana which gives up to 94% stronger hair."},{"attribute_code":"image","value":"/3/_/3_11.jpg"},{"attribute_code":"small_image","value":"/3/_/3_11.jpg"},{"attribute_code":"thumbnail","value":"/3/_/3_11.jpg"},{"attribute_code":"options_container","value":"container2"},{"attribute_code":"small_image_label","value":"rosemary shampoo"},{"attribute_code":"thumbnail_label","value":"rosemary shampoo"},{"attribute_code":"country_of_manufacture","value":"IN"},{"attribute_code":"url_key","value":"rosemary-anti-hair-fall-shampoo-250ml"},{"attribute_code":"msrp_display_actual_price_type","value":"0"},{"attribute_code":"gift_message_available","value":"2"},{"attribute_code":"swatch_image","value":"/3/_/3_11.jpg"},{"attribute_code":"attribute_label_1","value":"About Rosemary Anti Hair Fall Shampoo"},{"attribute_code":"attribute_label_2","value":"Key Ingredients"},{"attribute_code":"attribute_label_3","value":"How to Use"},{"attribute_code":"attribute_label_4","value":"Who can Use"},{"attribute_code":"attribute_label_5","value":"Why Mamaearth"},{"attribute_code":"attribute_label_6","value":"Ingredient List"},{"attribute_code":"attribute_label_7","value":"FAQS"},{"attribute_code":"best_before","value":"24 Months"},{"attribute_code":"dimensions","value":"10 * 5 * 5 cm"},{"attribute_code":"ean_code","value":"8904417307740"},{"attribute_code":"mrp","value":"349"},{"attribute_code":"old_productid","value":"981"},{"attribute_code":"tags","value":"No.1 Hairfall Shampoo"},{"attribute_code":"marketed_by","value":"Honasa Consumer Limited, 10th and 11th Floor, Capital Cyberscape, Sector 59, Gurugram, Haryana, 122101"},{"attribute_code":"live_url","value":"https://mamaearth.in/product/rosemary-anti-hair-fall-shampoo-250ml"},{"attribute_code":"license_no","value":"20/C/U.A/2010"},{"attribute_code":"length","value":"10"},{"attribute_code":"google_category","value":"2915"},{"attribute_code":"cms_sequence","value":"1,2,3,4,5,6,7,8"},{"attribute_code":"width","value":"5"},{"attribute_code":"height","value":"5"},{"attribute_code":"breadcrumb_category","value":"39","title":"Best Shampoo for Hair Growth","url_key":"hair-shampoo"},{"attribute_code":"custom_product_type","value":"be_hair"},{"attribute_code":"brand","value":"4"},{"attribute_code":"product_card_tags","value":"Gives up to 94% Stronger Hair | Up to 93% Less Hair Fall | Made Safe Certified"},{"attribute_code":"saving_scheme","value":"price_per_100_ml"},{"attribute_code":"product_subtitle_keys","value":"Buy 1 Get 1 FREE, Shampoo, Rosemary"},{"attribute_code":"is_suitable_for_skin_type","value":"465","label":"normal"},{"attribute_code":"hair_goals","value":"479,477,483","label":"hair fall reduction, hair strengthening, hair growth"},{"attribute_code":"tax_class_id","value":"2"},{"attribute_code":"create_scarcity","value":"0"},{"attribute_code":"hide_product_infront","value":"0"},{"attribute_code":"show_in_feed","value":"1"},{"attribute_code":"base_category","value":"85"},{"attribute_code":"base_sub_category","value":"73"},{"attribute_code":"key_ingredient","value":"507"},{"attribute_code":"show_price_per_unit","value":"1"},{"attribute_code":"volume","value":"250"},{"attribute_code":"enable_fbt_popup","value":"0"},{"attribute_code":"rosemary_shampoo_swatch","value":"553"},{"attribute_code":"strikethrough","value":"1"},{"attribute_code":"short_description","value":"\u003cp style=\"text-align: justify;\"\u003eStruggling with excessive hair loss? Mamaearth Rosemary Anti-Hair Fall Shampoo to the rescue! Crafted with the natural goodness of Rosemary, a super potent herb that’s proven to stimulate hair growth. The shampoo is also infused with Methi Dana - a time-tested ingredient that helps control hair fall. \u003cbr /\u003eTogether, this power-packed duo packs quite a punch. In turn, the Rosemary Anti-Hair Fall Shampoo gives you up to 94% stronger hair* and results in up to 93% less hair fall. Rosemary strengthens weakened hair follicles and promotes hair growth while Methi Dana is extremely effective in controlling hair fall. It also strengthens the hair follicles and curbs hair shedding. The Rosemary Anti-Hair Fall Shampoo gently cleanses your scalp and hair while fortifying your locks with its nutrient-rich formulation.\u003cbr /\u003eThat’s not all, Rosemary Anti-Hair Fall Shampoo is also Made Safe Certified, which means it contains no toxins or harmful chemicals and is enriched with nature’s finest ingredients. \u003c/p\u003e"},{"attribute_code":"meta_keyword","value":"Rosemary , Rosemary Shampoo, Rosemary for Hair Fall, Rosemary Shampoo, Rosemary for Hair Fall Control, Methi Dana for Hair Fall Control, Rosemary for Hair Strengthening, Rosemary for stronger hair,Clinically tested Rosemary Shampoo, Methi Dana for Hair Strengthening, Methi Dana for Stronger hair, Hair Fall, Hair Loss, Anti-Hair Fall, Hair Fall Control, Rosemary , Methi Dana, Toxin-Free, Cruelty-Free, PETA Certified"},{"attribute_code":"attribute_value_1","value":"\u003cdiv class=\"list-banner\"\u003e\u003cimg src=\"https://images.mamaearth.in/wysiwyg/7-6-23/me_rosemary_shampoo_aplus%20%281%29.jpg\" alt=\"rosemary shampoo for hair growth\" width=\"970\" height=\"auto\" /\u003e\r\n\u003cp style=\"text-align: center;\"\u003eRosemary Shampoo\u003c/p\u003e\r\n\u003c/div\u003e"},{"attribute_code":"attribute_value_2","value":"\u003cul class=\"woodmart-list\"\u003e\r\n\u003cli\u003e\r\n\u003cdiv class=\"list-icon\"\u003e\u003cimg loading=\"lazy\" src=\"https://images.mamaearth.in/wysiwyg/05-06-2023/1.jpg\" alt=\"rosemary oil in shampoo\" width=\"180\" height=\"180\" /\u003e\u003c/div\u003e\r\n\u003cspan class=\"list-content\" style=\"text-align: justify;\"\u003e\u003cstrong\u003eRosemary: \u003c/strong\u003eIt seeps into the hair follicles and stimulates hair growth.\u003c/span\u003e\u003c/li\u003e\r\n\u003cli\u003e\r\n\u003cdiv class=\"list-icon\"\u003e\u003cimg loading=\"lazy\" src=\"https://images.mamaearth.in/wysiwyg/05-06-2023/2.jpg\" alt=\"methi dana in shampoo\" width=\"165\" height=\"140\" /\u003e\u003c/div\u003e\r\n\u003cspan class=\"list-content\" style=\"text-align: justify;\"\u003e\u003cstrong\u003eMethi Dana: \u003c/strong\u003e Rich in antioxidants, it helps control hair fall. \u003c/span\u003e\u003c/li\u003e\r\n\u003c/ul\u003e"},{"attribute_code":"attribute_value_3","value":"\u003cul\u003e\r\n\u003cli\u003e\u003cspan class=\"list-content\"\u003e\u003cstrong\u003eStep 1 : \u003c/strong\u003e Take a coin-sized amount of the Rosemary Anti-Hair Fall Shampoo\u003c/span\u003e\u003c/li\u003e\r\n\u003cli\u003e\u003cspan class=\"list-content\"\u003e\u003cstrong\u003eStep 2 : \u003c/strong\u003eApply on your scalp and work up a lather.\u003c/span\u003e\u003c/li\u003e\r\n\u003cli\u003e\u003cspan class=\"list-content\"\u003e\u003cstrong\u003eStep 3 : \u003c/strong\u003eRinse it off thoroughly.\u003c/span\u003e\u003c/li\u003e\r\n\u003cli\u003e\u003cspan class=\"list-content\"\u003e\u003cstrong\u003eStep 4 : \u003c/strong\u003eFollow it up with Mamaearth Rosemary Anti-Hair Fall Conditioner.\u003c/span\u003e\u003c/li\u003e\r\n\u003c/ul\u003e"},{"attribute_code":"tag_keywords","value":"Rosemary , Rosemary Shampoo, Rosemary for Hair Fall, Rosemary Shampoo, Rosemary for Hair Fall Control, Methi Dana for Hair Fall Control, Rosemary for Hair Strengthening, Rosemary for stronger hair,Clinically tested Rosemary Shampoo, Methi Dana for Hair Strengthening, Methi Dana for Stronger hair, Hair Fall, Hair Loss, Anti-Hair Fall, Hair Fall Control, Rosemary , Methi Dana, Toxin-Free, Cruelty-Free, PETA Certified"},{"attribute_code":"attribute_value_4","value":"\u003cul style=\"list-style: disc; padding-left: 1em;\"\u003e\r\n\u003cli\u003e\u003cspan class=\"list-content\"\u003eEveryone above the age of 18 years can use this\u003c/span\u003e\u003c/li\u003e\r\n\u003cli\u003e\r\n\u003cdiv class=\"list-icon fa fa-check\"\u003eSuitable for all hair types\u003c/div\u003e\r\n\u003c/li\u003e\r\n\u003c/ul\u003e"},{"attribute_code":"attribute_value_5","value":"\u003cul class=\"compare-list\"\u003e\r\n\u003cli\u003e\r\n\u003cdiv class=\"compare-img\"\u003e\u003cimg loading=\"lazy\" src=\"https://images.mamaearth.in/wysiwyg/7-6-23/8.jpg\" alt=\"rosemary shampoo\" width=\"1201\" height=\"1200\" /\u003e\u003c/div\u003e\r\n\u003cdiv class=\"compare-content\"\u003e\r\n\u003cul\u003e\r\n\u003cli\u003eGives up to 94% Stronger Hair\u003c/li\u003e\r\n\u003cli\u003eUp to 93% Less Hair Fall\u003c/li\u003e\r\n\u003cli\u003eGently Cleanses\u003c/li\u003e\r\n\u003cli\u003eControls Hair Fall\u003c/li\u003e\r\n\u003cli\u003eSuitable For All Hair Types\u003c/li\u003e\r\n\u003cli\u003eDermatologically Tested\u003c/li\u003e\r\n\u003cli\u003eMade Safe Certified\u003c/li\u003e\r\n\u003c/ul\u003e\r\n\u003c/div\u003e\r\n\u003c/li\u003e\r\n\u003cli\u003e\r\n\u003cdiv class=\"compare-img\"\u003e\u003cimg loading=\"lazy\" src=\"https://images.mamaearth.in/wysiwyg/Attribute_Images/Oil-Bottle-300x300.jpg\" alt=\"\" /\u003e\u003c/div\u003e\r\n\u003cdiv class=\"compare-content\"\u003e\r\n\u003cul\u003e\r\n\u003cli\u003eDoesn’t Strengthen Hair\u003c/li\u003e\r\n\u003cli\u003eNo Hair Fall Reduction\u003c/li\u003e\r\n\u003cli\u003eHarsh on the Scalp and Hair\u003c/li\u003e\r\n\u003cli\u003eDoesn’t Control Hair Growth\u003c/li\u003e\r\n\u003cli\u003eNot Suitable For All Hair Types\u003c/li\u003e\r\n\u003cli\u003eNot Dermatologically Tested\u003c/li\u003e\r\n\u003cli\u003eNot Made Safe Certified\u003c/li\u003e\r\n\u003c/ul\u003e\r\n\u003c/div\u003e\r\n\u003c/li\u003e\r\n\u003c/ul\u003e"},{"attribute_code":"attribute_value_6","value":"\u003ctable\u003e\r\n\u003ctbody\u003e\r\n\u003ctr\u003e\r\n\u003ctd\u003e\r\n\u003cp\u003e\u003cstrong\u003eIngredients\u003c/strong\u003e\u003c/p\u003e\r\n\u003c/td\u003e\r\n\u003ctd\u003e\r\n\u003cp\u003e\u003cstrong\u003eType\u003c/strong\u003e\u003c/p\u003e\r\n\u003c/td\u003e\r\n\u003ctd\u003e\r\n\u003cp\u003e\u003cstrong\u003eWhere Is It From?\u003c/strong\u003e\u003c/p\u003e\r\n\u003c/td\u003e\r\n\u003ctd\u003e\r\n\u003cp\u003e\u003cstrong\u003eHow It Helps?\u003c/strong\u003e\u003c/p\u003e\r\n\u003c/td\u003e\r\n\u003c/tr\u003e\r\n\u003ctr\u003e\r\n\u003ctd\u003e\r\n\u003cp\u003e\u003cspan style=\"font-weight: 400;\"\u003eAqua\u003c/span\u003e\u003c/p\u003e\r\n\u003c/td\u003e\r\n\u003ctd\u003e\r\n\u003cp\u003e\u003cspan style=\"font-weight: 400;\"\u003eNatural\u003c/span\u003e\u003c/p\u003e\r\n\u003c/td\u003e\r\n\u003ctd\u003e\r\n\u003cp\u003e\u003cspan style=\"font-weight: 400;\"\u003ePlant-Based\u003c/span\u003e\u003c/p\u003e\r\n\u003c/td\u003e\r\n\u003ctd\u003e\r\n\u003cp\u003e\u003cspan style=\"font-weight: 400;\"\u003eEmollient\u003c/span\u003e\u003c/p\u003e\r\n\u003c/td\u003e\r\n\u003c/tr\u003e\r\n\u003ctr\u003e\r\n\u003ctd\u003e\r\n\u003cp\u003e\u003cspan style=\"font-weight: 400;\"\u003eCocamidopropyl Betaine\u003c/span\u003e\u003c/p\u003e\r\n\u003c/td\u003e\r\n\u003ctd\u003e\r\n\u003cp\u003e\u003cspan style=\"font-weight: 400;\"\u003eNatural\u003c/span\u003e\u003c/p\u003e\r\n\u003c/td\u003e\r\n\u003ctd\u003e\r\n\u003cp\u003e\u003cspan style=\"font-weight: 400;\"\u003ePlant-Based\u003c/span\u003e\u003c/p\u003e\r\n\u003c/td\u003e\r\n\u003ctd\u003e\r\n\u003cp\u003e\u003cspan style=\"font-weight: 400;\"\u003eEmulsifying Agent\u003c/span\u003e\u003c/p\u003e\r\n\u003c/td\u003e\r\n\u003c/tr\u003e\r\n\u003ctr\u003e\r\n\u003ctd\u003e\r\n\u003cp\u003e\u003cspan style=\"font-weight: 400;\"\u003eSodium Lauroyl Sarcosinate\u003c/span\u003e\u003c/p\u003e\r\n\u003c/td\u003e\r\n\u003ctd\u003e\r\n\u003cp\u003e\u003cspan style=\"font-weight: 400;\"\u003eSynthetic\u003c/span\u003e\u003c/p\u003e\r\n\u003c/td\u003e\r\n\u003ctd\u003e\r\n\u003cp\u003e\u003cspan style=\"font-weight: 400;\"\u003eLab-Synthesized\u003c/span\u003e\u003c/p\u003e\r\n\u003c/td\u003e\r\n\u003ctd\u003e\r\n\u003cp\u003e\u003cspan style=\"font-weight: 400;\"\u003eCleansing Agent\u003c/span\u003e\u003c/p\u003e\r\n\u003c/td\u003e\r\n\u003c/tr\u003e\r\n\u003ctr\u003e\r\n\u003ctd\u003e\r\n\u003cp\u003e\u003cspan style=\"font-weight: 400;\"\u003eSodium Cocoyl Isethionate\u003c/span\u003e\u003c/p\u003e\r\n\u003c/td\u003e\r\n\u003ctd\u003e\r\n\u003cp\u003e\u003cspan style=\"font-weight: 400;\"\u003eSynthetic\u003c/span\u003e\u003c/p\u003e\r\n\u003c/td\u003e\r\n\u003ctd\u003e\r\n\u003cp\u003e\u003cspan style=\"font-weight: 400;\"\u003eLab-Synthesized\u003c/span\u003e\u003c/p\u003e\r\n\u003c/td\u003e\r\n\u003ctd\u003e\r\n\u003cp\u003e\u003cspan style=\"font-weight: 400;\"\u003eSurfactant\u003c/span\u003e\u003c/p\u003e\r\n\u003c/td\u003e\r\n\u003c/tr\u003e\r\n\u003ctr\u003e\r\n\u003ctd\u003e\r\n\u003cp\u003e\u003cspan style=\"font-weight: 400;\"\u003eDisodium Cocoyl Glutamate\u003c/span\u003e\u003c/p\u003e\r\n\u003c/td\u003e\r\n\u003ctd\u003e\r\n\u003cp\u003e\u003cspan style=\"font-weight: 400;\"\u003eSynthetic\u003c/span\u003e\u003c/p\u003e\r\n\u003c/td\u003e\r\n\u003ctd\u003e\r\n\u003cp\u003e\u003cspan style=\"font-weight: 400;\"\u003eLab-Synthesized\u003c/span\u003e\u003c/p\u003e\r\n\u003c/td\u003e\r\n\u003ctd\u003e\r\n\u003cp\u003e\u003cspan style=\"font-weight: 400;\"\u003eSurfactant\u003c/span\u003e\u003c/p\u003e\r\n\u003c/td\u003e\r\n\u003c/tr\u003e\r\n\u003ctr\u003e\r\n\u003ctd\u003e\r\n\u003cp\u003e\u003cspan style=\"font-weight: 400;\"\u003eCocamide MEA\u003c/span\u003e\u003c/p\u003e\r\n\u003c/td\u003e\r\n\u003ctd\u003e\r\n\u003cp\u003e\u003cspan style=\"font-weight: 400;\"\u003eSynthetic\u003c/span\u003e\u003c/p\u003e\r\n\u003c/td\u003e\r\n\u003ctd\u003e\r\n\u003cp\u003e\u003cspan style=\"font-weight: 400;\"\u003eLab-Synthesized\u003c/span\u003e\u003c/p\u003e\r\n\u003c/td\u003e\r\n\u003ctd\u003e\r\n\u003cp\u003e\u003cspan style=\"font-weight: 400;\"\u003eSurfactant\u003c/span\u003e\u003c/p\u003e\r\n\u003c/td\u003e\r\n\u003c/tr\u003e\r\n\u003ctr\u003e\r\n\u003ctd\u003e\r\n\u003cp\u003e\u003cspan style=\"font-weight: 400;\"\u003e Rosmarinus Officinalis (Rosemary) Leaf Extract\u003c/span\u003e\u003c/p\u003e\r\n\u003c/td\u003e\r\n\u003ctd\u003e\r\n\u003cp\u003e\u003cspan style=\"font-weight: 400;\"\u003eSynthetic\u003c/span\u003e\u003c/p\u003e\r\n\u003c/td\u003e\r\n\u003ctd\u003e\r\n\u003cp\u003e\u003cspan style=\"font-weight: 400;\"\u003eLab-Synthesized\u003c/span\u003e\u003c/p\u003e\r\n\u003c/td\u003e\r\n\u003ctd\u003e\r\n\u003cp\u003e\u003cspan style=\"font-weight: 400;\"\u003eBoosts Hair Growth\u003c/span\u003e\u003c/p\u003e\r\n\u003c/td\u003e\r\n\u003c/tr\u003e\r\n\u003ctr\u003e\r\n\u003ctd\u003e\r\n\u003cp\u003e\u003cspan style=\"font-weight: 400;\"\u003eGlycerin\u003c/span\u003e\u003c/p\u003e\r\n\u003c/td\u003e\r\n\u003ctd\u003e\r\n\u003cp\u003e\u003cspan style=\"font-weight: 400;\"\u003eNatural\u003c/span\u003e\u003c/p\u003e\r\n\u003c/td\u003e\r\n\u003ctd\u003e\r\n\u003cp\u003e\u003cspan style=\"font-weight: 400;\"\u003ePlant-Based\u003c/span\u003e\u003c/p\u003e\r\n\u003c/td\u003e\r\n\u003ctd\u003e\r\n\u003cp\u003e\u003cspan style=\"font-weight: 400;\"\u003eHumectant\u003c/span\u003e\u003c/p\u003e\r\n\u003c/td\u003e\r\n\u003c/tr\u003e\r\n\u003ctr\u003e\r\n\u003ctd\u003e\r\n\u003cp\u003e\u003cspan style=\"font-weight: 400;\"\u003eGlycol Stearate\u003c/span\u003e\u003c/p\u003e\r\n\u003c/td\u003e\r\n\u003ctd\u003e\r\n\u003cp\u003e\u003cspan style=\"font-weight: 400;\"\u003eNatural\u003c/span\u003e\u003c/p\u003e\r\n\u003c/td\u003e\r\n\u003ctd\u003e\r\n\u003cp\u003e\u003cspan style=\"font-weight: 400;\"\u003ePlant-Based\u003c/span\u003e\u003c/p\u003e\r\n\u003c/td\u003e\r\n\u003ctd\u003e\r\n\u003cp\u003e\u003cspan style=\"font-weight: 400;\"\u003eSurfactant\u003c/span\u003e\u003c/p\u003e\r\n\u003c/td\u003e\r\n\u003c/tr\u003e\r\n\u003ctr\u003e\r\n\u003ctd\u003e\r\n\u003cp\u003e\u003cspan style=\"font-weight: 400;\"\u003eAcrylamidopropyltrimonium \u003c/span\u003e\u003c/p\u003e\r\n\u003cp\u003e\u003cspan style=\"font-weight: 400;\"\u003eChloride/Acrylamide Copolymer\u003c/span\u003e\u003c/p\u003e\r\n\u003c/td\u003e\r\n\u003ctd\u003e\r\n\u003cp\u003e\u003cspan style=\"font-weight: 400;\"\u003eSynthetic\u003c/span\u003e\u003c/p\u003e\r\n\u003c/td\u003e\r\n\u003ctd\u003e\r\n\u003cp\u003e\u003cspan style=\"font-weight: 400;\"\u003eLab-Synthesized\u003c/span\u003e\u003c/p\u003e\r\n\u003c/td\u003e\r\n\u003ctd\u003e\r\n\u003cp\u003e\u003cspan style=\"font-weight: 400;\"\u003eAnti-Static Agent\u003c/span\u003e\u003c/p\u003e\r\n\u003c/td\u003e\r\n\u003c/tr\u003e\r\n\u003ctr\u003e\r\n\u003ctd\u003e\r\n\u003cp\u003e\u003cspan style=\"font-weight: 400;\"\u003ePhenoxyethanol\u003c/span\u003e\u003c/p\u003e\r\n\u003c/td\u003e\r\n\u003ctd\u003e\r\n\u003cp\u003e\u003cspan style=\"font-weight: 400;\"\u003eSynthetic\u003c/span\u003e\u003c/p\u003e\r\n\u003c/td\u003e\r\n\u003ctd\u003e\r\n\u003cp\u003e\u003cspan style=\"font-weight: 400;\"\u003eLab-Synthesized\u003c/span\u003e\u003c/p\u003e\r\n\u003c/td\u003e\r\n\u003ctd\u003e\r\n\u003cp\u003e\u003cspan style=\"font-weight: 400;\"\u003ePreservative\u003c/span\u003e\u003c/p\u003e\r\n\u003c/td\u003e\r\n\u003c/tr\u003e\r\n\u003ctr\u003e\r\n\u003ctd\u003e\r\n\u003cp\u003e\u003cspan style=\"font-weight: 400;\"\u003eEthylhexylglycerin\u003c/span\u003e\u003c/p\u003e\r\n\u003c/td\u003e\r\n\u003ctd\u003e\r\n\u003cp\u003e\u003cspan style=\"font-weight: 400;\"\u003eNatural\u003c/span\u003e\u003c/p\u003e\r\n\u003c/td\u003e\r\n\u003ctd\u003e\r\n\u003cp\u003e\u003cspan style=\"font-weight: 400;\"\u003ePlant-Based\u003c/span\u003e\u003c/p\u003e\r\n\u003c/td\u003e\r\n\u003ctd\u003e\r\n\u003cp\u003e\u003cspan style=\"font-weight: 400;\"\u003eEmollient\u003c/span\u003e\u003c/p\u003e\r\n\u003c/td\u003e\r\n\u003c/tr\u003e\r\n\u003ctr\u003e\r\n\u003ctd\u003e\r\n\u003cp\u003e\u003cspan style=\"font-weight: 400;\"\u003eIFRA Certified Allergen Free Fragrance\u003c/span\u003e\u003c/p\u003e\r\n\u003c/td\u003e\r\n\u003ctd\u003e\r\n\u003cp\u003e\u003cspan style=\"font-weight: 400;\"\u003eSynthetic\u003c/span\u003e\u003c/p\u003e\r\n\u003c/td\u003e\r\n\u003ctd\u003e\r\n\u003cp\u003e\u003cspan style=\"font-weight: 400;\"\u003eLab-Synthesized\u003c/span\u003e\u003c/p\u003e\r\n\u003c/td\u003e\r\n\u003ctd\u003e\r\n\u003cp\u003e\u003cspan style=\"font-weight: 400;\"\u003eFragrance\u003c/span\u003e\u003c/p\u003e\r\n\u003c/td\u003e\r\n\u003c/tr\u003e\r\n\u003ctr\u003e\r\n\u003ctd\u003e\r\n\u003cp\u003e\u003cspan style=\"font-weight: 400;\"\u003eSodium Benzoate\u003c/span\u003e\u003c/p\u003e\r\n\u003c/td\u003e\r\n\u003ctd\u003e\r\n\u003cp\u003e\u003cspan style=\"font-weight: 400;\"\u003eSynthetic\u003c/span\u003e\u003c/p\u003e\r\n\u003c/td\u003e\r\n\u003ctd\u003e\r\n\u003cp\u003e\u003cspan style=\"font-weight: 400;\"\u003eLab-Synthesized\u003c/span\u003e\u003c/p\u003e\r\n\u003c/td\u003e\r\n\u003ctd\u003e\r\n\u003cp\u003e\u003cspan style=\"font-weight: 400;\"\u003ePreservative\u003c/span\u003e\u003c/p\u003e\r\n\u003c/td\u003e\r\n\u003c/tr\u003e\r\n\u003ctr\u003e\r\n\u003ctd\u003e\r\n\u003cp\u003e\u003cspan style=\"font-weight: 400;\"\u003eHydroxypropylgluconamide /Hydroxypropylammonium Gluconate\u003c/span\u003e\u003c/p\u003e\r\n\u003c/td\u003e\r\n\u003ctd\u003e\r\n\u003cp\u003e\u003cspan style=\"font-weight: 400;\"\u003eSynthetic\u003c/span\u003e\u003c/p\u003e\r\n\u003c/td\u003e\r\n\u003ctd\u003e\r\n\u003cp\u003e\u003cspan style=\"font-weight: 400;\"\u003eLab-Synthesized\u003c/span\u003e\u003c/p\u003e\r\n\u003c/td\u003e\r\n\u003ctd\u003e\r\n\u003cp\u003e\u003cspan style=\"font-weight: 400;\"\u003eHair Strengthening Agent\u003c/span\u003e\u003c/p\u003e\r\n\u003c/td\u003e\r\n\u003c/tr\u003e\r\n\u003ctr\u003e\r\n\u003ctd\u003e\r\n\u003cp\u003e\u003cspan style=\"font-weight: 400;\"\u003eCitric Acid\u003c/span\u003e\u003c/p\u003e\r\n\u003c/td\u003e\r\n\u003ctd\u003e\r\n\u003cp\u003e\u003cspan style=\"font-weight: 400;\"\u003eNatural\u003c/span\u003e\u003c/p\u003e\r\n\u003c/td\u003e\r\n\u003ctd\u003e\r\n\u003cp\u003e\u003cspan style=\"font-weight: 400;\"\u003ePlant-Based\u003c/span\u003e\u003c/p\u003e\r\n\u003c/td\u003e\r\n\u003ctd\u003e\r\n\u003cp\u003e\u003cspan style=\"font-weight: 400;\"\u003epH Adjuster\u003c/span\u003e\u003c/p\u003e\r\n\u003c/td\u003e\r\n\u003c/tr\u003e\r\n\u003ctr\u003e\r\n\u003ctd\u003e\r\n\u003cp\u003e\u003cspan style=\"font-weight: 400;\"\u003eGuar \u003c/span\u003e\u003c/p\u003e\r\n\u003c/td\u003e\r\n\u003ctd\u003e\r\n\u003cp\u003e\u003cspan style=\"font-weight: 400;\"\u003eNatural\u003c/span\u003e\u003c/p\u003e\r\n\u003c/td\u003e\r\n\u003ctd\u003e\r\n\u003cp\u003e\u003cspan style=\"font-weight: 400;\"\u003ePlant-Based\u003c/span\u003e\u003c/p\u003e\r\n\u003c/td\u003e\r\n\u003ctd\u003e\r\n\u003cp\u003e\u003cspan style=\"font-weight: 400;\"\u003eThickening Agent\u003c/span\u003e\u003c/p\u003e\r\n\u003c/td\u003e\r\n\u003c/tr\u003e\r\n\u003ctr\u003e\r\n\u003ctd\u003e\r\n\u003cp\u003e\u003cspan style=\"font-weight: 400;\"\u003eHydroxypropyltrimonium Chloride\u003c/span\u003e\u003c/p\u003e\r\n\u003c/td\u003e\r\n\u003ctd\u003e\r\n\u003cp\u003e\u003cspan style=\"font-weight: 400;\"\u003eSynthetic\u003c/span\u003e\u003c/p\u003e\r\n\u003c/td\u003e\r\n\u003ctd\u003e\r\n\u003cp\u003e\u003cspan style=\"font-weight: 400;\"\u003eLab-Synthesized\u003c/span\u003e\u003c/p\u003e\r\n\u003c/td\u003e\r\n\u003ctd\u003e\r\n\u003cp\u003e\u003cspan style=\"font-weight: 400;\"\u003epH Adjuster\u003c/span\u003e\u003c/p\u003e\r\n\u003c/td\u003e\r\n\u003c/tr\u003e\r\n\u003ctr\u003e\r\n\u003ctd\u003e\r\n\u003cp\u003e\u003cspan style=\"font-weight: 400;\"\u003ePolyquaternium-10\u003c/span\u003e\u003c/p\u003e\r\n\u003c/td\u003e\r\n\u003ctd\u003e\r\n\u003cp\u003e\u003cspan style=\"font-weight: 400;\"\u003eNatural\u003c/span\u003e\u003c/p\u003e\r\n\u003c/td\u003e\r\n\u003ctd\u003e\r\n\u003cp\u003e\u003cspan style=\"font-weight: 400;\"\u003ePlant-Based\u003c/span\u003e\u003c/p\u003e\r\n\u003c/td\u003e\r\n\u003ctd\u003e\r\n\u003cp\u003e\u003cspan style=\"font-weight: 400;\"\u003ePromotes Hair Growth\u003c/span\u003e\u003c/p\u003e\r\n\u003c/td\u003e\r\n\u003c/tr\u003e\r\n\u003ctr\u003e\r\n\u003ctd\u003e\r\n\u003cp\u003e\u003cspan style=\"font-weight: 400;\"\u003eHydrolyzed Lupine \u003c/span\u003e\u003c/p\u003e\r\n\u003c/td\u003e\r\n\u003ctd\u003e\r\n\u003cp\u003e\u003cspan style=\"font-weight: 400;\"\u003eNatural\u003c/span\u003e\u003c/p\u003e\r\n\u003c/td\u003e\r\n\u003ctd\u003e\r\n\u003cp\u003e\u003cspan style=\"font-weight: 400;\"\u003ePlant-Based\u003c/span\u003e\u003c/p\u003e\r\n\u003c/td\u003e\r\n\u003ctd\u003e\r\n\u003cp\u003e\u003cspan style=\"font-weight: 400;\"\u003eHair Strengthening Agent\u003c/span\u003e\u003c/p\u003e\r\n\u003c/td\u003e\r\n\u003c/tr\u003e\r\n\u003ctr\u003e\r\n\u003ctd\u003e\r\n\u003cp\u003e\u003cspan style=\"font-weight: 400;\"\u003eProtein Triolein\u003c/span\u003e\u003c/p\u003e\r\n\u003c/td\u003e\r\n\u003ctd\u003e\r\n\u003cp\u003e\u003cspan style=\"font-weight: 400;\"\u003eSynthetic\u003c/span\u003e\u003c/p\u003e\r\n\u003c/td\u003e\r\n\u003ctd\u003e\r\n\u003cp\u003e\u003cspan style=\"font-weight: 400;\"\u003eLab-Synthesized\u003c/span\u003e\u003c/p\u003e\r\n\u003c/td\u003e\r\n\u003ctd\u003e\r\n\u003cp\u003e\u003cspan style=\"font-weight: 400;\"\u003eEmollient\u003c/span\u003e\u003c/p\u003e\r\n\u003c/td\u003e\r\n\u003c/tr\u003e\r\n\u003ctr\u003e\r\n\u003ctd\u003e\r\n\u003cp\u003e\u003cspan style=\"font-weight: 400;\"\u003eSodium Gluconate\u003c/span\u003e\u003c/p\u003e\r\n\u003c/td\u003e\r\n\u003ctd\u003e\r\n\u003cp\u003e\u003cspan style=\"font-weight: 400;\"\u003eNatural\u003c/span\u003e\u003c/p\u003e\r\n\u003c/td\u003e\r\n\u003ctd\u003e\r\n\u003cp\u003e\u003cspan style=\"font-weight: 400;\"\u003ePlant-Based\u003c/span\u003e\u003c/p\u003e\r\n\u003c/td\u003e\r\n\u003ctd\u003e\r\n\u003cp\u003e\u003cspan style=\"font-weight: 400;\"\u003eChelating Agent\u003c/span\u003e\u003c/p\u003e\r\n\u003c/td\u003e\r\n\u003c/tr\u003e\r\n\u003ctr\u003e\r\n\u003ctd\u003e\r\n\u003cp\u003e\u003cspan style=\"font-weight: 400;\"\u003ePanthenol\u003c/span\u003e\u003c/p\u003e\r\n\u003c/td\u003e\r\n\u003ctd\u003e\r\n\u003cp\u003e\u003cspan style=\"font-weight: 400;\"\u003eNatural\u003c/span\u003e\u003c/p\u003e\r\n\u003c/td\u003e\r\n\u003ctd\u003e\r\n\u003cp\u003e\u003cspan style=\"font-weight: 400;\"\u003ePlant-Based\u003c/span\u003e\u003c/p\u003e\r\n\u003c/td\u003e\r\n\u003ctd\u003e\r\n\u003cp\u003e\u003cspan style=\"font-weight: 400;\"\u003eEmollient\u003c/span\u003e\u003c/p\u003e\r\n\u003c/td\u003e\r\n\u003c/tr\u003e\r\n\u003ctr\u003e\r\n\u003ctd\u003e\r\n\u003cp\u003e\u003cspan style=\"font-weight: 400;\"\u003eTrigonella Foenum Graecum (Methi) Seed Oil\u003c/span\u003e\u003c/p\u003e\r\n\u003c/td\u003e\r\n\u003ctd\u003e\r\n\u003cp\u003e\u003cspan style=\"font-weight: 400;\"\u003eNatural\u003c/span\u003e\u003c/p\u003e\r\n\u003c/td\u003e\r\n\u003ctd\u003e\r\n\u003cp\u003e\u003cspan style=\"font-weight: 400;\"\u003ePlant-Based\u003c/span\u003e\u003c/p\u003e\r\n\u003c/td\u003e\r\n\u003ctd\u003e\r\n\u003cp\u003e\u003cspan style=\"font-weight: 400;\"\u003eHair Fall Control\u003c/span\u003e\u003c/p\u003e\r\n\u003c/td\u003e\r\n\u003c/tr\u003e\r\n\u003c/tbody\u003e\r\n\u003c/table\u003e"},{"attribute_code":"attribute_value_7","value":"\u003cdiv id=\"faqs\"\u003e\r\n\u003cp\u003eHow to use Rosemary oil with shampoo?\u003c/p\u003e\r\n\u003cp\u003e-If you’re looking for a way to use a shampoo with rosemary oil, then a better alternative than Rosemary Oil is to opt for Rosemary Anti-Hair Fall Shampoo by Mamaearth. Besides Rosemary, it contains Methi Dana, which helps control hair loss \u0026amp; breakage and gives stronger hair. You can also look up to Mamaearth Rosemary Hair Fall Control Kit if you find a natural way to curb hair loss. These hair care products are toxin-free and purely safe.\u003c/p\u003e\r\n\u003cp\u003eWhat does rosemary shampoo do for your hair?\u003c/p\u003e\r\n\u003cp\u003eThe Mamaearth Rosemary Shampoo for hair is backed by Rosemary and Methi Dana, which helps control hair loss by up to 93% and strengthens your hair by up to 94%. It also helps gently cleans the scalp and hair by providing a boost of essential nutrients, promoting hair growth.\u003c/p\u003e\r\n\u003cp\u003eIs rosemary shampoo good for you?\u003c/p\u003e\r\n\u003cp\u003eYes, of course! Rosemary shampoo is good for your hair health. It has immense nourishing properties that help boost hair growth, control hair fall, strengthen your hair, and enable gentle cleansing with ease.\u003c/p\u003e\r\n\u003cp\u003eDoes rosemary shampoo help hair grow?\u003c/p\u003e\r\n\u003cp\u003eYes, definitely! Rosemary shampoo provides essential nutrients and keeps the scalp \u0026amp; hair follicles clean, which helps in boosting hair growth. For instance, Mamaearth Rosemary Anti-Hair Fall Shampoo has the nourishing properties of Rosemary Oil and Methi Dana. Together, they combine to promote hair growth and control hair fall to provide up to 94% stronger, smoother hair. It is natural, nourishing, and devoid of toxins and harmful chemicals.\u003c/p\u003e\r\n\u003cp\u003eHow Often Can I Use Mamaearth Rosemary shampoo?\u003c/p\u003e\r\n\u003cp\u003eWe recommend using the Rosemary Anti-Hair Fall Shampoo 2-3 times a week. We also recommend including the Rosemary Hair Growth Oil and Rosemary Anti-Hair Fall Conditioner in your hair care routine to strengthen and condition your hair.\u003c/p\u003e\r\n\u003cp\u003eCan I use rosemary shampoo every day?\u003c/p\u003e\r\n\u003cp\u003eYes! It is safe to use the best rosemary shampoo for hair growth every day. But, we advise you not to wash your hair with shampoo daily as it may rip off the moisture from the hair follicles \u0026amp; scalp and dehydrate them. Instead, we suggest using it twice or thrice a week per your hair requirements to maintain effective hydration and care.\u003c/p\u003e\r\n\u003cp\u003eWhat is the rosemary shampoo price?\u003c/p\u003e\r\n\u003cp\u003eThe price of a good Rosemary shampoo is approximately INR 349. For example, Mamaearth Rosemary Anti-Hair Fall Shampoo is INR 349 for a 250 ML bottle.\u003c/p\u003e\r\n\u003cp\u003eWhat are the Rosemary shampoo ingredients?\u003c/p\u003e\r\n\u003cp\u003eThe Mamaearth Rosemary Anti-Hair Fall Shampoo is backed by key ingredients like Rosemary and Methi Dana, which help curb hair loss and promote stronger hair growth.\u003c/p\u003e\r\n\u003cp\u003eCan Men Use Mamaearth Rosemary shampoo for hair fall?\u003c/p\u003e\r\n\u003cp\u003eYes, anyone struggling with hair fall can use this Rosemary Anti-Hair Fall Shampoo.\u003c/p\u003e\r\n\u003cp\u003eWill Rosemary shampoo Make My Scalp Dry?\u003c/p\u003e\r\n\u003cp\u003eNo, Rosemary Anti-Hair Fall Shampoo will not make your scalp dry. It will gently cleanse your scalp without stripping it of its essential moisture. It is crafted to nourish and hydrate your scalp and hair.\u003c/p\u003e\r\n\u003cp\u003eWill Rosemary shampoo Reduce Hair Loss?\u003c/p\u003e\r\n\u003cp\u003eYes, crafted with the power-packed duo of Rosemary and Methi Dana, the Rosemary Anti-Hair Fall Shampoo will result in up to 93% less hair fall.\u003c/p\u003e\r\n\u003cp\u003eDoes Rosemary Shampoo promote hair growth?\u003c/p\u003e\r\n\u003cp\u003eWith rosemary shampoo trending all over the internet, it is essential to learn about the beneficial properties of rosemary in your hair care regime and your daily hair requirements. Rosemary is a crucial ingredient that helps strengthen weak hair follicles and promotes hair growth. We recommend trying out Mamaearth Rosemary Shampoo for that additional dose of nourishment. This shampoo contains Methi Dana, an ancient remedy that reduces hair loss, while Rosemary improves weak hair follicles and encourages hair growth. It also inhibits hair loss and fortifies hair follicles. With its nutrient-rich composition, the Rosemary Anti-Hair Fall Shampoo strengthens your locks while gently cleansing your scalp and hair. The best part? It is toxin-free and suitable for all hair types.\u003c/p\u003e\r\n\u003c/div\u003e"},{"attribute_code":"special_from_date","value":"2023-08-24 13:28:00"}],"hide_in_front":0,"image":"/3/_/3_11.jpg","is_in_stock":true,"name":"Rosemary Anti-Hair Fall Shampoo with Rosemary \u0026 Methi Dana for Reducing Hair Loss \u0026 Breakage - 250 ml","position":"1","price":"349.00","product_card_tags":"Gives up to 94% Stronger Hair | Up to 93% Less Hair Fall | Made Safe Certified","review_count":106,"sku":"8904417307740","special_price":"","special_price_from_date":{"date":"2023-08-24 18:58:00","timezone_type":3,"timezone":"Asia/Kolkata"},"tags":"No.1 Hairfall Shampoo","url_key":"rosemary-anti-hair-fall-shampoo-250ml","imageAltTags":["rosemary shampoo","mamaearth shampoo rosemary","shampoo with rosemary oil","rosemary oil in shampoo","rosemary hair growth shampoo","rosemary shampoo benefits","best rosemary shampoo for hair growth"],"configurable_option":{"attribute_id":282,"option_id":553,"attribute_label":"Rosemary_Shampoo_Swatch","title":"250 ml","swatch_data":{"swatch_id":812,"option_id":553,"store_id":1,"type":0,"value":"250 ml"}},"siblings":[{"id":1130,"sku":"8904417310351","name":"Rosemary Anti-Hair Fall Shampoo with Rosemary \u0026 Methi Dana for Reducing Hair Loss \u0026 Breakage - 400 ml","url_key":"rosemary-anti-hair-fall-shampoo-400ml","price":"559.00","is_in_stock":true,"custom_attributes":[{"attribute_code":"saving_scheme","value":"price_per_100_ml"},{"attribute_code":"volume","value":"400"}],"special_price":"","parent_id":1133,"attribute_id":282,"option_id":554,"parent_sku":"3563887982","attribute_label":"Rosemary_Shampoo_Swatch","title":"400 ml","swatch_data":{"swatch_id":814,"option_id":554,"store_id":1,"type":0,"value":"400 ml"},"special_from_date":{"date":"2024-05-10 13:09:00","timezone_type":3,"timezone":"Asia/Kolkata"}},{"id":1284,"sku":"8904417315073","name":"Rosemary Anti-Hair Fall Shampoo with Rosemary \u0026 Methi Dana for Reducing Hair Loss \u0026 Breakage - 600 ml","url_key":"rosemary-anti-hair-fall-shampoo-600ml","price":"839.00","is_in_stock":true,"custom_attributes":[{"attribute_code":"saving_scheme","value":"price_per_100_ml"},{"attribute_code":"volume","value":"600"}],"special_price":"","parent_id":1133,"attribute_id":282,"option_id":555,"parent_sku":"3563887982","attribute_label":"Rosemary_Shampoo_Swatch","title":"600 ml","swatch_data":{"swatch_id":816,"option_id":555,"store_id":1,"type":0,"value":"600 ml"}},{"id":1205,"sku":"8904417313864","name":"Rosemary Anti-Hair Fall Shampoo with Rosemary \u0026 Methi Dana for Reducing Hair Loss \u0026 Breakage - 250 ml (Pack of 2)","url_key":"rosemary-anti-hair-fall-shampoo-250ml-pack-of-2","price":"698.00","is_in_stock":true,"custom_attributes":[{"attribute_code":"saving_scheme","value":"price_per_100_ml"},{"attribute_code":"volume","value":"500"}],"special_price":"628.00","parent_id":1133,"attribute_id":282,"option_id":557,"parent_sku":"3563887982","attribute_label":"Rosemary_Shampoo_Swatch","title":"250 ml (Pack of 2)","swatch_data":{"swatch_id":820,"option_id":557,"store_id":1,"type":0,"value":"250 ml (Pack of 2)"},"special_from_date":{"date":"2025-05-24 00:01:00","timezone_type":3,"timezone":"Asia/Kolkata"}}],"product_subtitle_keys":["Buy 1 Get 1 FREE"," Shampoo"," Rosemary"],"size":"250ml","unitPrice":"1.40/ml","old_productid":"981","generic_name":null}]},{"categId":15,"title":"Baby Care","description":"\u003cp\u003eYour little bundle of joy deserves nothing but the best. Explore MadeSafe Certified, natural, 100% toxin-free \u0026amp; gentle baby care products by Mamaearth. Give your little one the care they deserve!\u003c/p\u003e","position":3,"shopLink":"/product-category/for-babies","products":[{"id":375,"tier_prices":[],"avg_rating_percent":99,"categories":[2,3,6,5,109,295,163,162,160,158,395,15,379],"created_at":"2021-06-25 04:52:37","custom_attributes":[{"attribute_code":"manufacturer","value":"Nulyf India,  Plot no-78, STICE, Musalgaon, Sinnar, Nashik-422112"},{"attribute_code":"meta_title","value":"Mamaearth Milky Soft Shampoo for Babies -400 ml"},{"attribute_code":"meta_description","value":"Mamaearth milky soft shampoo to gently cleanse hair. Mamaearth milky soft shampoo for babies with oats, milk and calendula leaves hair soft \u0026 smooth."},{"attribute_code":"image","value":"/1/_/1_97.jpg"},{"attribute_code":"small_image","value":"/1/_/1_97.jpg"},{"attribute_code":"thumbnail","value":"/1/_/1_97.jpg"},{"attribute_code":"options_container","value":"container2"},{"attribute_code":"small_image_label","value":"Mamaearth Milky Soft Shampoo"},{"attribute_code":"thumbnail_label","value":"Mamaearth Milky Soft Shampoo"},{"attribute_code":"country_of_manufacture","value":"IN"},{"attribute_code":"url_key","value":"milky-soft-shampoo-with-oats-milk-and-calendula-for-babies-400-ml"},{"attribute_code":"msrp_display_actual_price_type","value":"0"},{"attribute_code":"gift_message_available","value":"2"},{"attribute_code":"swatch_image","value":"/1/_/1_97.jpg"},{"attribute_code":"attribute_label_1","value":"Results of Mamaearth Milky Soft Shampoo"},{"attribute_code":"attribute_label_2","value":"Key Ingredients"},{"attribute_code":"attribute_label_3","value":"How to Use"},{"attribute_code":"attribute_label_4","value":"Who can Use"},{"attribute_code":"attribute_label_5","value":"Why Mamaearth"},{"attribute_code":"attribute_label_6","value":"Ingredient List"},{"attribute_code":"attribute_label_7","value":"FAQs"},{"attribute_code":"best_before","value":"24 Months"},{"attribute_code":"dimensions","value":"10 * 5 * 5 cm"},{"attribute_code":"mrp","value":"449"},{"attribute_code":"old_productid","value":"459"},{"attribute_code":"tags","value":"must try"},{"attribute_code":"marketed_by","value":"Honasa Consumer Limited, 10th and 11th Floor, Capital Cyberscape, Sector 59, Gurugram, Haryana, 122101"},{"attribute_code":"live_url","value":"https://mamaearth.in/product/milky-soft-shampoo-with-oats-milk-and-calendula-for-babies-400-ml"},{"attribute_code":"license_no","value":"MH/103434A"},{"attribute_code":"length","value":"10"},{"attribute_code":"google_category","value":"2915"},{"attribute_code":"cms_sequence","value":"1,2,3,4,5,6,7,8"},{"attribute_code":"width","value":"5"},{"attribute_code":"height","value":"5"},{"attribute_code":"breadcrumb_category","value":"3","title":"Best Baby Shampoo In India","url_key":"baby-shampoo"},{"attribute_code":"custom_product_type","value":"ba_hair"},{"attribute_code":"brand","value":"4"},{"attribute_code":"product_card_tags","value":"Gently Cleanses Hair | Balances Scalp pH"},{"attribute_code":"saving_scheme","value":"price_per_100_ml"},{"attribute_code":"product_subtitle_keys","value":"Buy 1 Get 1 FREE, pH balanced, Shampoo"},{"attribute_code":"is_suitable_for_skin_type","value":"463","label":"sensitive"},{"attribute_code":"tax_class_id","value":"2"},{"attribute_code":"create_scarcity","value":"0"},{"attribute_code":"hide_product_infront","value":"0"},{"attribute_code":"show_in_feed","value":"1"},{"attribute_code":"base_category","value":"84"},{"attribute_code":"base_sub_category","value":"50"},{"attribute_code":"show_price_per_unit","value":"1"},{"attribute_code":"volume","value":"400"},{"attribute_code":"enable_fbt_popup","value":"0"},{"attribute_code":"enable_product_for_wa_commerce","value":"0"},{"attribute_code":"strikethrough","value":"1"},{"attribute_code":"meta_keyword","value":"Baby Shampoo, Nourishing, Moisturizing, Conditioning, Tear-Free Formula, MadeSafe Certified, Soft Hair, Smooth, Cruelty-Free, MadeSafe Certified, Allergy Certified, Oats, Milk, Toxin-Free"},{"attribute_code":"short_description","value":"\u003cp\u003eHi! I am Mamaearth Milky Soft Shampoo for Babies. I know shampooing can be difficult with the little ones, so I am formulated especially for their delicate scalp and hair. Oats, Calendula, and Milk Protein will naturally balance your baby’s scalp pH level, make their hair soft and tangle-free. I’m tear-free, which means I will gently cleanse without causing any irritation to your little one’s sensitive eyes.\u003cbr /\u003eI am made of natural ingredients that are safe and gentle. Oats and Milk condition hair and moisturize it, making it soft and smooth. Calendula improves dry scalp conditions while helping the hair grow thicker and longer.\u003cbr /\u003eI am also MadeSafe Certified and because of our no toxins and no harmful chemicals philosophy, you won’t find any Silicones, Parabens, mineral oil \u0026amp; dyes in me.\u003c/p\u003e\r\n\u003cp\u003e \u003c/p\u003e"},{"attribute_code":"attribute_value_1","value":"\u003cdiv class=\"list-banner\"\u003e\r\n  \u003cimg\r\n    src=\"https://images.mamaearth.in/wysiwyg/Aplus-Listing/milky-shampoo.jpg\"\r\n    alt=\"Milky Soft Shampoo with Oats, Milk and Calendula for Babies - 400 ml\"/\u003e\r\n  \u003cp style=\"text-align: center\"\u003eMilky Soft Shampoo with Oats, Milk and Calendula for Babies - 400 ml  \u003c/p\u003e\r\n\u003c/div\u003e"},{"attribute_code":"attribute_value_2","value":"\u003cul class=\"woodmart-list\"\u003e\r\n\u003cli\u003e\r\n\u003cdiv class=\"list-icon\"\u003e\u003cimg src=\"https://images.mamaearth.in/wysiwyg/Oats.jpg\" alt=\"Baby Shampoo in India with Oats for hair growth\" /\u003e\u003c/div\u003e\r\n\u003cspan class=\"list-content\" style=\"text-align: justify;\"\u003e\u003cstrong\u003eOats: \u003c/strong\u003e It conditions hair and moisturizes it, making it soft and tangle-free. \u003c/span\u003e\u003c/li\u003e\r\n\u003cli\u003e\r\n\u003cdiv class=\"list-icon\"\u003e\u003cimg src=\"https://images.mamaearth.in/wysiwyg/Calendula.jpg\" alt=\"Soft Shampoo for hair growth with Calendula\" /\u003e\u003c/div\u003e\r\n\u003cspan class=\"list-content\" style=\"text-align: justify;\"\u003e\u003cstrong\u003eCalendula: \u003c/strong\u003e It improves scalp conditions and hydrates it. With its regenerative properties, it helps hair grow thicker and longer./span\u0026gt;\u003c/span\u003e\u003c/li\u003e\r\n\u003cli\u003e\r\n\u003cdiv class=\"list-icon\"\u003e\u003cimg src=\"https://images.mamaearth.in/wysiwyg/Milk_HFD6fkI.jpg\" alt=\"Safest Baby Shampoo with Milk Prottein\" /\u003e\u003c/div\u003e\r\n\u003cspan class=\"list-content\" style=\"text-align: justify;\"\u003e\u003cstrong\u003eMilk Protein: \u003c/strong\u003e Proteins and lipids in milk work to strengthen hair, while Calcium promotes hair growth. It also keeps hair soft and shiny.\u003c/span\u003e\u003c/li\u003e\r\n\u003cli\u003e\r\n\u003cdiv class=\"list-icon\"\u003e\u003cimg src=\"https://images.mamaearth.in/wysiwyg/Citric-acid_VvFEDQp.jpg\" alt=\"Baby shampoo with Citric Acid\" /\u003e\u003c/div\u003e\r\n\u003cspan class=\"list-content\" style=\"text-align: justify;\"\u003e\u003cstrong\u003eCitric Acid: \u003c/strong\u003e It works as an exfoliant and promotes a healthy scalp. It also soothes itchiness on the scalp and stimulates hair growth.\u003c/span\u003e\u003c/li\u003e\r\n\u003cli\u003e \u003c/li\u003e\r\n\u003c/ul\u003e"},{"attribute_code":"attribute_value_3","value":"\u003cul\u003e\r\n\u003cli\u003e\u003cspan class=\"list-content\"\u003ePump the shampoo out on your hands, dilute with water, and apply on scalp \u0026 hair\u003c/span\u003e\u003c/li\u003e\r\n\u003cli\u003e\u003cspan class=\"list-content\"\u003eLather, giggle and rinse\u003c/span\u003e\u003c/li\u003e\r\n\u003c/ul\u003e"},{"attribute_code":"attribute_value_4","value":"\u003cul style=\"list-style: disc; padding-left: 1em;\"\u003e\r\n\u003cli\u003e\u003cspan class=\"list-content\"\u003eSuitable for newborn babies as well as older kids\u003c/span\u003e\u003c/li\u003e\r\n\u003cli\u003e\u003cspan class=\"list-content\"\u003eSuitable for all hair types\u003c/span\u003e\u003c/li\u003e\r\n\u003c/ul\u003e"},{"attribute_code":"attribute_value_5","value":"\u003cul class=\"compare-list\"\u003e\r\n\u003cli\u003e\r\n\u003cdiv class=\"compare-content\"\u003e\r\n\u003cul\u003e\r\n\u003cli\u003eGently Cleanses Hair\u003c/li\u003e\r\n\u003cli\u003eKeeps Hair Nourished\u003c/li\u003e\r\n\u003cli\u003eMakes Hair Soft \u0026amp; Smooth\u003c/li\u003e\r\n\u003cli\u003eTear-Free Formula\u003c/li\u003e\r\n\u003cli\u003eSuitable for All Hair Types\u003c/li\u003e\r\n\u003cli\u003eDermatologically Tested\u003c/li\u003e\r\n\u003cli\u003eContains No Harmful Chemicals\u003c/li\u003e\r\n\u003c/ul\u003e\r\n\u003c/div\u003e\r\n\u003c/li\u003e\r\n\u003cli\u003e\r\n\u003cdiv class=\"compare-content\"\u003e\r\n\u003cul\u003e\r\n\u003cli\u003eDoes Not Gently Cleanse Hair\u003c/li\u003e\r\n\u003cli\u003eDoes Not Keep Hair Nourished\u003c/li\u003e\r\n\u003cli\u003eDoes Not Make Hair Soft \u0026amp; Smooth\u003c/li\u003e\r\n\u003cli\u003eNot a Tear-Free Formula\u003c/li\u003e\r\n\u003cli\u003eNot Suitable for All Hair Types\u003c/li\u003e\r\n\u003cli\u003eNot Dermatologically Tested\u003c/li\u003e\r\n\u003cli\u003eContains Harmful Chemicals\u003c/li\u003e\r\n\u003c/ul\u003e\r\n\u003c/div\u003e\r\n\u003c/li\u003e\r\n\u003c/ul\u003e"},{"attribute_code":"attribute_value_6","value":"\u003ctable\u003e\r\n\u003ctbody\u003e\r\n\u003ctr\u003e\r\n\u003ctd\u003e\r\n\u003cp\u003e\u003cstrong\u003eIngredient\u003c/strong\u003e\u003c/p\u003e\r\n\u003c/td\u003e\r\n\u003ctd\u003e\r\n\u003cp\u003e\u003cstrong\u003eType\u003c/strong\u003e\u003c/p\u003e\r\n\u003c/td\u003e\r\n\u003ctd\u003e\r\n\u003cp\u003e\u003cstrong\u003eWhere Is It From\u003c/strong\u003e\u003c/p\u003e\r\n\u003c/td\u003e\r\n\u003ctd\u003e\r\n\u003cp\u003e\u003cstrong\u003eHow It Helps\u003c/strong\u003e\u003c/p\u003e\r\n\u003c/td\u003e\r\n\u003c/tr\u003e\r\n\u003ctr\u003e\r\n\u003ctd\u003e\r\n\u003cp\u003e\u003cspan\u003eAqua\u003c/span\u003e\u003c/p\u003e\r\n\u003c/td\u003e\r\n\u003ctd\u003e\r\n\u003cp\u003e\u003cspan\u003eNatural\u003c/span\u003e\u003c/p\u003e\r\n\u003c/td\u003e\r\n\u003ctd\u003e\r\n\u003cp\u003e\u003cspan\u003eWater\u003c/span\u003e\u003c/p\u003e\r\n\u003c/td\u003e\r\n\u003ctd\u003e\r\n\u003cp\u003e\u003cspan\u003eDiluent\u003c/span\u003e\u003c/p\u003e\r\n\u003c/td\u003e\r\n\u003c/tr\u003e\r\n\u003ctr\u003e\r\n\u003ctd\u003e\r\n\u003cp\u003e\u003cspan\u003eCocamidopropyl Betaine\u003c/span\u003e\u003c/p\u003e\r\n\u003c/td\u003e\r\n\u003ctd\u003e\r\n\u003cp\u003e\u003cspan\u003eNatural\u003c/span\u003e\u003c/p\u003e\r\n\u003c/td\u003e\r\n\u003ctd\u003e\r\n\u003cp\u003e\u003cspan\u003ePlant-Based\u003c/span\u003e\u003c/p\u003e\r\n\u003c/td\u003e\r\n\u003ctd\u003e\r\n\u003cp\u003e\u003cspan\u003eEmulsifying \u0026amp; Thickening Agent\u003c/span\u003e\u003c/p\u003e\r\n\u003c/td\u003e\r\n\u003c/tr\u003e\r\n\u003ctr\u003e\r\n\u003ctd\u003e\r\n\u003cp\u003e\u003cspan\u003eLauryl Glucoside\u003c/span\u003e\u003c/p\u003e\r\n\u003c/td\u003e\r\n\u003ctd\u003e\r\n\u003cp\u003e\u003cspan\u003eNatural\u003c/span\u003e\u003c/p\u003e\r\n\u003c/td\u003e\r\n\u003ctd\u003e\r\n\u003cp\u003e\u003cspan\u003ePlant-Based\u003c/span\u003e\u003c/p\u003e\r\n\u003c/td\u003e\r\n\u003ctd\u003e\r\n\u003cp\u003e\u003cspan\u003eSurfactant\u003c/span\u003e\u003c/p\u003e\r\n\u003c/td\u003e\r\n\u003c/tr\u003e\r\n\u003ctr\u003e\r\n\u003ctd\u003e\r\n\u003cp\u003e\u003cspan\u003eCoco-Glucoside\u003c/span\u003e\u003c/p\u003e\r\n\u003c/td\u003e\r\n\u003ctd\u003e\r\n\u003cp\u003e\u003cspan\u003eNatural\u003c/span\u003e\u003c/p\u003e\r\n\u003c/td\u003e\r\n\u003ctd\u003e\r\n\u003cp\u003e\u003cspan\u003ePlant-Based\u003c/span\u003e\u003c/p\u003e\r\n\u003c/td\u003e\r\n\u003ctd\u003e\r\n\u003cp\u003e\u003cspan\u003eSurfactant\u003c/span\u003e\u003c/p\u003e\r\n\u003c/td\u003e\r\n\u003c/tr\u003e\r\n\u003ctr\u003e\r\n\u003ctd\u003e\r\n\u003cp\u003e\u003cspan\u003eAcrylates Copolymer\u003c/span\u003e\u003c/p\u003e\r\n\u003c/td\u003e\r\n\u003ctd\u003e\r\n\u003cp\u003e\u003cspan\u003eSynthetic\u003c/span\u003e\u003c/p\u003e\r\n\u003c/td\u003e\r\n\u003ctd\u003e\r\n\u003cp\u003e\u003cspan\u003eLab-Synthesized\u003c/span\u003e\u003c/p\u003e\r\n\u003c/td\u003e\r\n\u003ctd\u003e\r\n\u003cp\u003e\u003cspan\u003eTexture Enhancer, Binder, \u0026amp; Film-Forming Agent\u003c/span\u003e\u003c/p\u003e\r\n\u003c/td\u003e\r\n\u003c/tr\u003e\r\n\u003ctr\u003e\r\n\u003ctd\u003e\r\n\u003cp\u003e\u003cspan\u003eSodium Cocoyl Isethionate\u003c/span\u003e\u003c/p\u003e\r\n\u003c/td\u003e\r\n\u003ctd\u003e\r\n\u003cp\u003e\u003cspan\u003eNatural\u003c/span\u003e\u003c/p\u003e\r\n\u003c/td\u003e\r\n\u003ctd\u003e\r\n\u003cp\u003e\u003cspan\u003ePlant-Based\u003c/span\u003e\u003c/p\u003e\r\n\u003c/td\u003e\r\n\u003ctd\u003e\r\n\u003cp\u003e\u003cspan\u003eMoisturizing Agent\u003c/span\u003e\u003c/p\u003e\r\n\u003c/td\u003e\r\n\u003c/tr\u003e\r\n\u003ctr\u003e\r\n\u003ctd\u003e\r\n\u003cp\u003e\u003cspan\u003ePolyquaternium 7\u003c/span\u003e\u003c/p\u003e\r\n\u003c/td\u003e\r\n\u003ctd\u003e\r\n\u003cp\u003e\u003cspan\u003eSynthetic\u003c/span\u003e\u003c/p\u003e\r\n\u003c/td\u003e\r\n\u003ctd\u003e\r\n\u003cp\u003e\u003cspan\u003eLab Synthesized\u003c/span\u003e\u003c/p\u003e\r\n\u003c/td\u003e\r\n\u003ctd\u003e\r\n\u003cp\u003e\u003cspan\u003eConditioning Agent\u003c/span\u003e\u003c/p\u003e\r\n\u003c/td\u003e\r\n\u003c/tr\u003e\r\n\u003ctr\u003e\r\n\u003ctd\u003e\r\n\u003cp\u003e\u003cspan\u003eHydrogenated Castor Oil\u003c/span\u003e\u003c/p\u003e\r\n\u003c/td\u003e\r\n\u003ctd\u003e\r\n\u003cp\u003e\u003cspan\u003eNatural\u003c/span\u003e\u003c/p\u003e\r\n\u003c/td\u003e\r\n\u003ctd\u003e\r\n\u003cp\u003e\u003cspan\u003ePlant-Based\u003c/span\u003e\u003c/p\u003e\r\n\u003c/td\u003e\r\n\u003ctd\u003e\r\n\u003cp\u003e\u003cspan\u003eMoisturizing Agent\u003c/span\u003e\u003c/p\u003e\r\n\u003c/td\u003e\r\n\u003c/tr\u003e\r\n\u003ctr\u003e\r\n\u003ctd\u003e\r\n\u003cp\u003e\u003cspan\u003ePhenoxyethanol\u003c/span\u003e\u003c/p\u003e\r\n\u003c/td\u003e\r\n\u003ctd\u003e\r\n\u003cp\u003e\u003cspan\u003eNatural\u003c/span\u003e\u003c/p\u003e\r\n\u003c/td\u003e\r\n\u003ctd\u003e\r\n\u003cp\u003e\u003cspan\u003ePlant-Based\u003c/span\u003e\u003c/p\u003e\r\n\u003c/td\u003e\r\n\u003ctd\u003e\r\n\u003cp\u003e\u003cspan\u003ePreservative\u003c/span\u003e\u003c/p\u003e\r\n\u003c/td\u003e\r\n\u003c/tr\u003e\r\n\u003ctr\u003e\r\n\u003ctd\u003e\r\n\u003cp\u003e\u003cspan\u003ePropylene Glycol Laurate\u003c/span\u003e\u003c/p\u003e\r\n\u003c/td\u003e\r\n\u003ctd\u003e\r\n\u003cp\u003e\u003cspan\u003eNatural\u003c/span\u003e\u003c/p\u003e\r\n\u003c/td\u003e\r\n\u003ctd\u003e\r\n\u003cp\u003e\u003cspan\u003ePlant-Based\u003c/span\u003e\u003c/p\u003e\r\n\u003c/td\u003e\r\n\u003ctd\u003e\r\n\u003cp\u003e\u003cspan\u003eEmollient/Surfactant\u003c/span\u003e\u003c/p\u003e\r\n\u003c/td\u003e\r\n\u003c/tr\u003e\r\n\u003ctr\u003e\r\n\u003ctd\u003e\r\n\u003cp\u003e\u003cspan\u003eSodium Laurylglucosides Hydroxypropylsulfonate\u003c/span\u003e\u003c/p\u003e\r\n\u003c/td\u003e\r\n\u003ctd\u003e\r\n\u003cp\u003e\u003cspan\u003eNatural\u003c/span\u003e\u003c/p\u003e\r\n\u003c/td\u003e\r\n\u003ctd\u003e\r\n\u003cp\u003e\u003cspan\u003ePlant-Based\u003c/span\u003e\u003c/p\u003e\r\n\u003c/td\u003e\r\n\u003ctd\u003e\r\n\u003cp\u003e\u003cspan\u003eSurfactant\u003c/span\u003e\u003c/p\u003e\r\n\u003c/td\u003e\r\n\u003c/tr\u003e\r\n\u003ctr\u003e\r\n\u003ctd\u003e\r\n\u003cp\u003e\u003cspan\u003eCalendula Officinalis Flower Extract\u003c/span\u003e\u003c/p\u003e\r\n\u003c/td\u003e\r\n\u003ctd\u003e\r\n\u003cp\u003e\u003cspan\u003eNatural\u003c/span\u003e\u003c/p\u003e\r\n\u003c/td\u003e\r\n\u003ctd\u003e\r\n\u003cp\u003e\u003cspan\u003ePlant-Based\u003c/span\u003e\u003c/p\u003e\r\n\u003c/td\u003e\r\n\u003ctd\u003e\r\n\u003cp\u003e\u003cspan\u003eAnti-inflammatory Properties\u003c/span\u003e\u003c/p\u003e\r\n\u003c/td\u003e\r\n\u003c/tr\u003e\r\n\u003ctr\u003e\r\n\u003ctd\u003e\r\n\u003cp\u003e\u003cspan\u003eHydrolyzed Milk Protein\u003c/span\u003e\u003c/p\u003e\r\n\u003c/td\u003e\r\n\u003ctd\u003e\r\n\u003cp\u003e\u003cspan\u003eNatural\u003c/span\u003e\u003c/p\u003e\r\n\u003c/td\u003e\r\n\u003ctd\u003e\r\n\u003cp\u003e\u003cspan\u003eMilk\u003c/span\u003e\u003c/p\u003e\r\n\u003c/td\u003e\r\n\u003ctd\u003e\r\n\u003cp\u003e\u003cspan\u003eHydrating Agent\u003c/span\u003e\u003c/p\u003e\r\n\u003c/td\u003e\r\n\u003c/tr\u003e\r\n\u003ctr\u003e\r\n\u003ctd\u003e\r\n\u003cp\u003e\u003cspan\u003eOat Extract\u003c/span\u003e\u003c/p\u003e\r\n\u003c/td\u003e\r\n\u003ctd\u003e\r\n\u003cp\u003e\u003cspan\u003eNatural\u003c/span\u003e\u003c/p\u003e\r\n\u003c/td\u003e\r\n\u003ctd\u003e\r\n\u003cp\u003e\u003cspan\u003ePlant-Based\u003c/span\u003e\u003c/p\u003e\r\n\u003c/td\u003e\r\n\u003ctd\u003e\r\n\u003cp\u003e\u003cspan\u003eMoisturizing Agent\u003c/span\u003e\u003c/p\u003e\r\n\u003c/td\u003e\r\n\u003c/tr\u003e\r\n\u003ctr\u003e\r\n\u003ctd\u003e\r\n\u003cp\u003e\u003cspan\u003eTitanium Dioxide\u003c/span\u003e\u003c/p\u003e\r\n\u003c/td\u003e\r\n\u003ctd\u003e\r\n\u003cp\u003e\u003cspan\u003eNatural\u003c/span\u003e\u003c/p\u003e\r\n\u003c/td\u003e\r\n\u003ctd\u003e\r\n\u003cp\u003e\u003cspan\u003eIlmenite Ore\u003c/span\u003e\u003c/p\u003e\r\n\u003c/td\u003e\r\n\u003ctd\u003e\r\n\u003cp\u003e\u003cspan\u003eSmoothening/Conditioning\u003c/span\u003e\u003c/p\u003e\r\n\u003c/td\u003e\r\n\u003c/tr\u003e\r\n\u003ctr\u003e\r\n\u003ctd\u003e\r\n\u003cp\u003e\u003cspan\u003ePolyquaternium-10\u003c/span\u003e\u003c/p\u003e\r\n\u003c/td\u003e\r\n\u003ctd\u003e\r\n\u003cp\u003e\u003cspan\u003eNatural\u003c/span\u003e\u003c/p\u003e\r\n\u003c/td\u003e\r\n\u003ctd\u003e\r\n\u003cp\u003e\u003cspan\u003ePlant-Based\u003c/span\u003e\u003c/p\u003e\r\n\u003c/td\u003e\r\n\u003ctd\u003e\r\n\u003cp\u003e\u003cspan\u003ePreservatives\u003c/span\u003e\u003c/p\u003e\r\n\u003c/td\u003e\r\n\u003c/tr\u003e\r\n\u003ctr\u003e\r\n\u003ctd\u003e\r\n\u003cp\u003e\u003cspan\u003eDisodium EDTA\u003c/span\u003e\u003c/p\u003e\r\n\u003c/td\u003e\r\n\u003ctd\u003e\r\n\u003cp\u003e\u003cspan\u003eSynthetic\u003c/span\u003e\u003c/p\u003e\r\n\u003c/td\u003e\r\n\u003ctd\u003e\r\n\u003cp\u003e\u003cspan\u003eLab Synthesized\u003c/span\u003e\u003c/p\u003e\r\n\u003c/td\u003e\r\n\u003ctd\u003e\r\n\u003cp\u003e\u003cspan\u003ePreservative\u003c/span\u003e\u003c/p\u003e\r\n\u003c/td\u003e\r\n\u003c/tr\u003e\r\n\u003ctr\u003e\r\n\u003ctd\u003e\r\n\u003cp\u003e\u003cspan\u003eCitric Acid\u003c/span\u003e\u003c/p\u003e\r\n\u003c/td\u003e\r\n\u003ctd\u003e\r\n\u003cp\u003e\u003cspan\u003eNatural\u003c/span\u003e\u003c/p\u003e\r\n\u003c/td\u003e\r\n\u003ctd\u003e\r\n\u003cp\u003e\u003cspan\u003eNatural\u003c/span\u003e\u003c/p\u003e\r\n\u003c/td\u003e\r\n\u003ctd\u003e\r\n\u003cp\u003e\u003cspan\u003eAntioxidant \u0026amp; Preservative\u003c/span\u003e\u003c/p\u003e\r\n\u003c/td\u003e\r\n\u003c/tr\u003e\r\n\u003ctr\u003e\r\n\u003ctd\u003e\r\n\u003cp\u003e\u003cspan\u003eIFRA Certified Allergen Free Fragrance\u003c/span\u003e\u003c/p\u003e\r\n\u003c/td\u003e\r\n\u003ctd\u003e\r\n\u003cp\u003e\u003cspan\u003eSynthetic\u003c/span\u003e\u003c/p\u003e\r\n\u003c/td\u003e\r\n\u003ctd\u003e\r\n\u003cp\u003e\u003cspan\u003eLab Synthesized\u003c/span\u003e\u003c/p\u003e\r\n\u003c/td\u003e\r\n\u003ctd\u003e\r\n\u003cp\u003e\u003cspan\u003eFragrance\u003c/span\u003e\u003c/p\u003e\r\n\u003c/td\u003e\r\n\u003c/tr\u003e\r\n\u003c/tbody\u003e\r\n\u003c/table\u003e"},{"attribute_code":"attribute_value_7","value":"\u003cdiv id=\"faqs\"\u003e\r\n\u003cp\u003eHow to make baby hair soft and silky?\u003c/p\u003e\r\n\u003cp\u003eYou can make your baby’s hair soft and silky by washing their hair with Mamaearth Milky Soft Shampoo as it cures dandruff and provides long-lasting nourishment. You should use a safe and gentle baby hair oil to provide deep nourishment to the scalp and hair roots, this will make the baby’s hair soft and silky.\u003c/p\u003e\r\n\u003cp\u003eCan Mamaearth Milk Shampoo be used for 6 years old children?\u003c/p\u003e\r\n\u003cp\u003eYes, Mamaearth Milk Shampoo can be used for 6 year old children too. It contains safe, natural, and gentle ingredients like calendula and oats milk that provide deep nourishment for children of all age groups.\u003c/p\u003e\r\n\u003cp\u003eWhat is the pH value of Mamaearth Milky Soft Shampoo?\u003c/p\u003e\r\n\u003cp\u003eEnriched with the goodness of nature, Mamaearth Milky Soft Shampoo’s pH value is 5.6, the best suited for a baby’s scalp.\u003c/p\u003e\r\n\u003cp\u003eIs it good for dry and unmanageable hair?\u003c/p\u003e\r\n\u003cp\u003eEnriched with natural ingredients such as Oats, Calendula, Milk Protein, and Citric Acid, Mamaearth Soft Shampoo gently cleanses the baby’s scalp and hair, balances the scalp’s pH levels leaving their hair soft \u0026amp; smooth which treats dry and unmanageable perfectly.\u003c/p\u003e\r\n\u003cp\u003eCan 12 years girl use this Milky Soft Shampoo?\u003c/p\u003e\r\n\u003cp\u003eYes, Mamaearth Milky Soft Shampoo can be used by a 12-year-old girl.\u003c/p\u003e\r\n\u003cp\u003eWill This Shampoo Help Treat Baby Dandruff?\u003c/p\u003e\r\n\u003cp\u003eYes, baby dandruff is common and can be cured by providing the right kind of nourishment to the scalp and hair. Mamaearth Milky Soft Shampoo is enriched with natural ingredients that help cure baby dandruff.\u003c/p\u003e\r\n\u003cp\u003eIs This Shampoo Safe to Use on My Newborn?\u003c/p\u003e\r\n\u003cp\u003eYes, Mamaearth Milky Soft Shampoo is Australian Made Safe Certified and Certified Toxin-Free. It is a tear-free formula that is also Allergy Certified, meaning it is safe to use on your newborn.\u003c/p\u003e\r\n\u003cp\u003eWhat If The Shampoo Goes Into The Baby’s Eyes?\u003c/p\u003e\r\n\u003cp\u003eDon’t worry, Mamaearth Milky Soft Shampoo is a tear-free formula and will not harm or irritate your baby’s eyes. And the mamaearth baby shampoo ingredients are all natural.\u003c/p\u003e\r\n\u003cp\u003eWhich baby shampoo is mild shampoo?\u003c/p\u003e\r\n\u003cp\u003eHair cleansers formulated by keeping your baby’s delicate hair in mind can be referred to as mild shampoos. They contain more benefits from natural ingredients and have their hallmarked authenticity from authorities like MadeSafe. They offer gentle care to your baby’s locks and help preserve the scalp’s natural oils. Most hair cleansers for babies are a no-tear formula with mild surfactants that produce less foam. They also have a low pH, similar to that of their skin and hair. If you’re looking for such a formulation for your baby, we recommend using Mamaearth Milky Soft Shampoo. It has the nourishing goodness of natural ingredients like Oats, Milk Protein, Calendula, and Citric Acid to cleanse your child’s locks gently. It also balances their scalp’s pH and offers toxin-free care for the baby's gentle scalp. It suits all hair types and is MadeSafe Certified.\u003c/p\u003e\r\n\u003cp\u003eDoes baby shampoo make your hair soft?\u003c/p\u003e\r\n\u003cp\u003eYes. A natural and gentle baby shampoo has nourishing ingredients like Calendula and Milk Protein that improve your hair’s natural texture and appearance effortlessly. To ensure you achieve lasting results from your hair care regimen, we suggest you use a natural and gentle shampoo that suits your hair care needs and helps you meet your hair care goals instead of a baby shampoo.\u003c/p\u003e\r\n\u003cp\u003eCan we use baby shampoo daily?\u003c/p\u003e\r\n\u003cp\u003eYes. A baby shampoo can be used daily. However, if you are using it on your child’s scalp, we suggest using it twice or thrice weekly on your baby’s hair to ensure the natural oils aren’t washed off to avoid a dry, sensitive, or irritated scalp.\u003c/p\u003e\r\n\u003cp\u003eIs baby shampoo OK for adults?\u003c/p\u003e\r\n\u003cp\u003eYes. A baby shampoo can be used by adults, too, given its safe and gentle formulation with natural and scalp-benefiting ingredients. However, we suggest you use targeted hair care products to move closer to your hair care goals with effortless ease.\u003c/p\u003e\r\n\u003cp\u003eIs baby shampoo sulphate free?\u003c/p\u003e\r\n\u003cp\u003eYes, a good and nourishing baby shampoo is sulphate-free. For example, an ideal recommendation here is Mamaearth Milky Soft Shampoo. It has the nourishing goodness of natural ingredients like Oats, Milk Protein, Calendula, and Citric Acid to cleanse your child’s locks gently. It also balances their scalp’s pH and offers toxin-free care while enhancing its appearance. It suits all hair types and is MadeSafe Certified.\u003c/p\u003e\r\n\u003c/div\u003e"},{"attribute_code":"bestseller","value":"Bestseller"},{"attribute_code":"special_price","value":null},{"attribute_code":"special_from_date","value":"2024-05-10 10:59:00"}],"hide_in_front":0,"image":"/1/_/1_97.jpg","is_in_stock":true,"name":"Milky Soft Shampoo with Oats, Milk and Calendula for Babies - 400 ml","position":"1","price":"499.00","product_card_tags":"Gently Cleanses Hair | Balances Scalp pH","review_count":81,"sku":"8906087776109","special_price":"","special_price_from_date":{"date":"2024-05-10 16:29:00","timezone_type":3,"timezone":"Asia/Kolkata"},"tags":"must try","url_key":"milky-soft-shampoo-with-oats-milk-and-calendula-for-babies-400-ml","imageAltTags":[],"product_subtitle_keys":["Buy 1 Get 1 FREE"," pH balanced"," Shampoo"],"size":"400ml","unitPrice":"1.25/ml","old_productid":"459","generic_name":null},{"id":74,"tier_prices":[],"avg_rating_percent":94,"categories":[2,62,5,6,8,10,17,109,341,187,414,15,379],"created_at":"2021-03-25 13:29:09","custom_attributes":[{"attribute_code":"manufacturer","value":"SRS Industries (Unti-II), Khasra No.82 Shive Gunga INDl estate,Lakeshwari,Bhagwanput,The.Roorkee Dist.Haridwar.Uttarkhand-247667"},{"attribute_code":"meta_title","value":"Baby Soap Pack for Moisturizing Skin -2*75 gm | Mamaearth"},{"attribute_code":"meta_description","value":"Baby Soap for skin moisturization online in India. Mamaearth Bathing soap cleanse gently and retain moisture with pH balanced children soap."},{"attribute_code":"image","value":"/f/d/fds_9573-props_qwhqvlzshodrynok.jpg"},{"attribute_code":"small_image","value":"/f/d/fds_9573-props_qwhqvlzshodrynok.jpg"},{"attribute_code":"thumbnail","value":"/f/d/fds_9573-props_qwhqvlzshodrynok.jpg"},{"attribute_code":"options_container","value":"container2"},{"attribute_code":"small_image_label","value":"Moisturizing Bathing Bar Soap For Babies, pack of 2*75g\r\n"},{"attribute_code":"thumbnail_label","value":"Moisturizing Bathing Bar Soap For Babies, pack of 2*75g\r\n"},{"attribute_code":"country_of_manufacture","value":"IN"},{"attribute_code":"url_key","value":"mamaearth-moisturizing-baby-soap-bar"},{"attribute_code":"msrp_display_actual_price_type","value":"0"},{"attribute_code":"gift_message_available","value":"0"},{"attribute_code":"swatch_image","value":"/f/d/fds_9573-props_qwhqvlzshodrynok.jpg"},{"attribute_code":"attribute_label_1","value":"Result of Mamaearth Moisturizing Bathing Bar For Babies"},{"attribute_code":"attribute_label_2","value":"Key Ingredients"},{"attribute_code":"attribute_label_3","value":"How to Use"},{"attribute_code":"attribute_label_4","value":"Who can Use"},{"attribute_code":"attribute_label_5","value":"Why Mamaearth"},{"attribute_code":"attribute_label_7","value":"FAQS"},{"attribute_code":"best_before","value":"24 Months"},{"attribute_code":"dimensions","value":"10 * 5 * 5 cm"},{"attribute_code":"mrp","value":"249"},{"attribute_code":"old_productid","value":"416593"},{"attribute_code":"weight_when_packed","value":"0.500"},{"attribute_code":"tags","value":"No.1 Baby Soap"},{"attribute_code":"marketed_by","value":"Honasa Consumer Limited, 10th and 11th Floor, Capital Cyberscape, Sector 59, Gurugram, Haryana, 122101"},{"attribute_code":"live_url","value":"https://mamaearth.in/product/mamaearth-moisturizing-baby-soap-bar"},{"attribute_code":"license_no","value":"8/C/UA/2017"},{"attribute_code":"length","value":"10"},{"attribute_code":"google_category","value":"4678"},{"attribute_code":"cms_sequence","value":"1,2,3,4,5,6,7,8"},{"attribute_code":"width","value":"5"},{"attribute_code":"height","value":"5"},{"attribute_code":"breadcrumb_category","value":"6","title":"Baby Care Products","url_key":"for-babies"},{"attribute_code":"custom_product_type","value":"ba_combo"},{"attribute_code":"brand","value":"4"},{"attribute_code":"product_card_tags","value":"Retains Moisture | Cleanses Gently | pH Balanced"},{"attribute_code":"saving_scheme","value":"price_per_100_gm"},{"attribute_code":"product_subtitle_keys","value":"Buy 1 Get 1 FREE, Soap"},{"attribute_code":"is_suitable_for_skin_type","value":"463","label":"sensitive"},{"attribute_code":"skin_goals","value":"467,471","label":"moisturization, cleansing"},{"attribute_code":"tax_class_id","value":"2"},{"attribute_code":"create_scarcity","value":"0"},{"attribute_code":"hide_product_infront","value":"0"},{"attribute_code":"show_in_feed","value":"1"},{"attribute_code":"base_category","value":"84"},{"attribute_code":"base_sub_category","value":"43"},{"attribute_code":"show_price_per_unit","value":"1"},{"attribute_code":"volume","value":"150"},{"attribute_code":"enable_fbt_popup","value":"0"},{"attribute_code":"enable_product_for_wa_commerce","value":"0"},{"attribute_code":"strikethrough","value":"1"},{"attribute_code":"tag_keywords","value":"Babies, baby, Bar, Bathing, care, earth, kids, mama, mamaearth, Moisturizing, products, Soap"},{"attribute_code":"short_description","value":"\u003cp class=\"p1\" style=\"text-align: justify;\"\u003eMamaearth Moisturizing Bathing soap gently cleanses, moisturizes and nourishes delicate skin of newly born babies and kids. Its moisture rich crème formula is gentle and safe for head to toe. Loaded with goat milk, oatmeal and shea butter, it leaves your baby's skin soft and smooth. It is balanced at 5.5 pH, which is ideal for baby's healthy skin. Hypoallergenic \u0026amp; toxin-free, the \u003cstrong\u003ebaby soap\u003c/strong\u003e does not irritate delicate skin of babies. It is completely free of toxins like SLS, SLES, silicones, paraben, synthetic perfume and colors.\u003c/p\u003e"},{"attribute_code":"attribute_value_1","value":"\u003cul class=\"result-list\"\u003e\r\n\u003cli\u003e\r\n\u003cdiv class=\"result-img\"\u003e\u003cimg src=\"https://images.mamaearth.in/wysiwyg/Attribute_Images/r1-300x231.jpg\" alt=\"Best soap for newborn baby for Retains Moisture\" /\u003e\u003c/div\u003e\r\n\u003ch2\u003eRetains Moisture\u003c/h2\u003e\r\n\u003cspan class=\"result-content\" style=\"padding: 0; text-align: center;\"\u003eIt keeps the skin moisturized by retaining the natural oils of the body.\u003c/span\u003e\u003c/li\u003e\r\n\u003cli\u003e\r\n\u003cdiv class=\"result-img\"\u003e\u003cimg src=\"https://images.mamaearth.in/wysiwyg/Attribute_Images/r2-300x295.jpg\" alt=\"Mama earth soap baby\" /\u003e\u003c/div\u003e\r\n\u003ch2\u003eCleanses Gently\u003c/h2\u003e\r\n\u003cspan class=\"result-content\" style=\"padding: 0; text-align: center;\"\u003eIt cleanses body deeply without over-drying the sensitive skin.\u003c/span\u003e\u003c/li\u003e\r\n\u003cli\u003e\r\n\u003cdiv class=\"result-img\"\u003e\u003cimg src=\"https://images.mamaearth.in/wysiwyg/Attribute_Images/r3-300x300.jpg\" alt=\"Best bath soap for newborn baby\" /\u003e\u003c/div\u003e\r\n\u003ch2\u003epH Balanced 5.5\u003c/h2\u003e\r\n\u003cspan class=\"result-content\" style=\"padding: 0; text-align: center;\"\u003eThe natural ingredients provide nourishment to the skin from deep within while maintaining the pH at 5.5 best suitable for babies.\u003c/span\u003e\u003c/li\u003e\r\n\u003c/ul\u003e"},{"attribute_code":"attribute_value_2","value":"\u003cul class=\"woodmart-list\"\u003e\r\n\u003cli\u003e\r\n\u003cdiv class=\"list-icon\"\u003e\u003cimg src=\"https://images.mamaearth.in/wysiwyg/Attribute_Images/i1-1-100x100.jpg\" alt=\"Newborn Baby Soap with Goat milk\" /\u003e\u003c/div\u003e\r\n\u003cspan class=\"list-content\" style=\"text-align: justify;\"\u003e\u003cstrong\u003eGoat milk : \u003c/strong\u003eGoat milk contains precious skin minerals like selenium and is loaded with vitamins, particularly vitamin A. It contains lactic acid\u003c/span\u003e\u003c/li\u003e\r\n\u003cli\u003e\r\n\u003cdiv class=\"list-icon\"\u003e\u003cimg src=\"https://images.mamaearth.in/wysiwyg/wysiwyg/i3.png\" alt=\"Moisturizing baby soap with Shea Butter\" /\u003e\u003c/div\u003e\r\n\u003cspan class=\"list-content\" style=\"text-align: justify;\"\u003e\u003cstrong\u003eShea Butter : \u003c/strong\u003eShea butter nourishes skin with Vitamins A, E and F. Vitamin A and E maintain the skin and keep it healthy. The Vitamin A in shea butter is important for improving skin conditions, including eczema, and dermatitis\u003c/span\u003e\u003c/li\u003e\r\n\u003cli\u003e\r\n\u003cdiv class=\"list-icon\"\u003e\u003cimg src=\"https://images.mamaearth.in/wysiwyg/wysiwyg/i3-1-100x100.jpg\" alt=\"Best bath soap for newborn baby with Oatmeal\" /\u003e\u003c/div\u003e\r\n\u003cspan class=\"list-content\" style=\"text-align: justify;\"\u003e\u003cstrong\u003eOatmeal : \u003c/strong\u003eOatmeal can soak the excess oil from your skin. Its antioxidant and anti-inflammatory properties help to treat dry skin and remove dead skin cells. Oats are natural cleansers. They remove dirt and oil that clog the pores and exfoliate the skin.\u003c/span\u003e\u003c/li\u003e\r\n\u003cli\u003e\r\n\u003cdiv class=\"list-icon\"\u003e\u003cimg src=\"https://images.mamaearth.in/wysiwyg/wysiwyg/i4-1-100x100.jpg\" alt=\"Baby soap for dry skin with Coconut Based Cleansers\" /\u003e\u003c/div\u003e\r\n\u003cspan class=\"list-content\" style=\"text-align: justify;\"\u003e\u003cstrong\u003eCoconut Based Cleansers : \u003c/strong\u003eThe cleanser made from coconut ensures that the bar is soap free and helps maintaining an ideal 5.5 pH for gentle cleansing.\u003c/span\u003e\u003c/li\u003e\r\n\u003c/ul\u003e"},{"attribute_code":"attribute_value_3","value":"\u003cul\u003e\r\n\u003cli\u003e\u003cspan class=\"list-content\"\u003e\u003cstrong\u003eStep 1 : \u003c/strong\u003eApply bar on baby\u0026rsquo;s wet body and face, and gently massage to form lather. Rinse with water.\u003c/span\u003e\u003c/li\u003e\r\n\u003cli\u003e\u003cspan class=\"list-content\"\u003e\u003cstrong\u003eStep 2 : \u003c/strong\u003eFor external use only. Avoid contact with eyes. Keep out of reach of children. Discontinue use if skin irritation occurs.\u003c/span\u003e\u003c/li\u003e\r\n\u003c/ul\u003e"},{"attribute_code":"attribute_value_4","value":"\u003cul style=\"list-style: disc; padding-left: 1em;\"\u003e\r\n\u003cli\u003e\u003cspan class=\"list-content\"\u003eSUITABLE FOR YOUR NEWBORN'S DELICATE SKIN \u0026ndash; The bar is suitable for baby\u0026rsquo;s delicate skin.\u003c/span\u003e\u003c/li\u003e\r\n\u003cli\u003eSUITS DRY, ITCHY, ECZEMA PRONE SKIN \u0026ndash; It treats dry\u003c/li\u003e\r\n\u003cli\u003eTEAR FREE FORMULA \u0026ndash; It won\u0026rsquo;t irrtate your baby\u0026rsquo;s eyes.\u003c/li\u003e\r\n\u003c/ul\u003e"},{"attribute_code":"attribute_value_5","value":"\u003cul class=\"compare-list\"\u003e\r\n\u003cli\u003e\r\n\u003cdiv class=\"compare-img\"\u003e\u003cimg src=\"https://images.mamaearth.in/wysiwyg/Attribute_Images/Untitled-1-300x300.jpg\" alt=\"Mamaearth baby soap\" /\u003e\u003c/div\u003e\r\n\u003cdiv class=\"compare-content\"\u003e\r\n\u003cul\u003e\r\n\u003cli\u003eMaintains Ideal 5.5 pH\u003c/li\u003e\r\n\u003cli\u003eCleanses \u0026amp; Moisturizes\u003c/li\u003e\r\n\u003cli\u003eSuitable For Newborn’s Sensitive Skin\u003c/li\u003e\r\n\u003cli\u003eNo SLS, SLES, parabens\u003c/li\u003e\r\n\u003c/ul\u003e\r\n\u003c/div\u003e\r\n\u003c/li\u003e\r\n\u003cli\u003e\r\n\u003cdiv class=\"compare-img\"\u003e\u003cimg src=\"https://images.mamaearth.in/wysiwyg/wysiwyg/skin-care-2015-08-shallow-tub-300x300.jpg\" alt=\"Mamaearth Moisturizing Bathing Bar For Babies better than other soap bars for babies available in the market\" /\u003e\u003c/div\u003e\r\n\u003cdiv class=\"compare-content\"\u003e\r\n\u003cul\u003e\r\n\u003cli\u003eContains Soap\u003c/li\u003e\r\n\u003cli\u003eIrritates Sensitive Skin\u003c/li\u003e\r\n\u003cli\u003eDoes Not Cleanse Enough\u003c/li\u003e\r\n\u003cli\u003eContains SLS, SLES \u0026amp; synthetic fragrance.\u003c/li\u003e\r\n\u003c/ul\u003e\r\n\u003c/div\u003e\r\n\u003c/li\u003e\r\n\u003c/ul\u003e"},{"attribute_code":"meta_keyword","value":"mamaearth baby soap price, children soap, baby soap, mamaearth moisturizing baby soap bar, best baby soap, mamaearth soap, best baby soap in india, mamaearth baby soap, best soap for newborn baby, baby soap for dry skin, newborn baby soap, moisturizing baby soap, best soap for baby rashes, best bath soap for newborn baby, newborn baby soap, mama earth soap baby, mamaearth baby soap benefits"},{"attribute_code":"bestseller","value":"Bestseller"},{"attribute_code":"attribute_value_7","value":"\u003cdiv id=\"faqs\"\u003e\r\n\u003cp\u003eIt’s mild, will this moisture soap still kill bacteria?\u003c/p\u003e\r\n\u003cp\u003eIt is mild but absolutely effective.\u003c/p\u003e\r\n\u003cp\u003eIs it free from SLS and Paraben?\u003c/p\u003e\r\n\u003cp\u003eYes, the moisture soap is free from all harmful toxins.\u003c/p\u003e\r\n\u003cp\u003eCan adults use this newborn baby soap?\u003c/p\u003e\r\n\u003cp\u003eYes, adults can also use it too, however remember it is mild and gentle suitable for baby’s skin.\u003c/p\u003e\r\n\u003cp\u003eWill This Children Soap Treat Eczema?\u003c/p\u003e\r\n\u003cp\u003eThis Best Baby Soap will act on eczema but it won’t get rid of it. For treating eczema, do consult a doctor.\u003c/p\u003e\r\n\u003cp\u003eWhat are the benefits of Mamaearth Moisturizing Baby Bathing Soap Bar?\u003c/p\u003e\r\n\u003cp\u003eMamaearth moisturizing baby bathing soap bar gently cleanses, moisturizes and nourishes delicate skin of newly born babies and kids. Its moisture rich crème formula is gentle and safe for head to toe. Loaded with goat milk, oatmeal and shea butter, it leaves your baby's skin soft and smooth.\u003c/p\u003e\r\n\u003cp\u003eWhat are the Mamaearth baby soap side effects?\u003c/p\u003e\r\n\u003cp\u003eMamaearth moisturizing baby soap bar is dermatologically tested and is suitable for all skin types. It contains no harmful chemicals, it is made with natural ingredients and has no side effects.\u003c/p\u003e\r\n\u003cp\u003eMamaearth Baby Soap Suitable for all Skin Types?\u003c/p\u003e\r\n\u003cp\u003eYes, Mamaearth moisturizing baby soap bar is suitable for all skin types.\u003c/p\u003e\r\n\u003cp\u003eCan Mamaearth bar soap be Used on Face?\u003c/p\u003e\r\n\u003cp\u003eYes, it is safe to use Mamaearth moisturizing baby soap bar on baby’s face.\u003c/p\u003e\r\n\u003cp\u003eCan I use this Mama earth soap baby to new born baby?\u003c/p\u003e\r\n\u003cp\u003eYes, you can use Mamaearth moisturizing baby soap bar on a newborn baby.\u003c/p\u003e\r\n\u003cp\u003eWhat is the Mamaearth baby soap price?\u003c/p\u003e\r\n\u003cp\u003eThe Mamaearth baby soap price is Rs.242 for 2*75g.\u003c/p\u003e\r\n\u003cp\u003e \u003c/p\u003e\r\n\u003c/div\u003e"},{"attribute_code":"special_from_date","value":"2024-05-10 10:59:00"}],"hide_in_front":0,"image":"/f/d/fds_9573-props_qwhqvlzshodrynok.jpg","is_in_stock":true,"name":"Moisturizing Bathing Bar Soap For Babies, pack of 2*75g","position":"3","price":"249.00","product_card_tags":"Retains Moisture | Cleanses Gently | pH Balanced","review_count":201,"sku":"8906087771180","special_price":"","special_price_from_date":{"date":"2024-05-10 16:29:00","timezone_type":3,"timezone":"Asia/Kolkata"},"tags":"No.1 Baby Soap","url_key":"mamaearth-moisturizing-baby-soap-bar","imageAltTags":["Moisturizing Bathing Bar Soap For Babies, pack of 2*75g\r\n","Mamaearth baby soap","Mamaearth moisturizing baby bathing soap bar","Best baby soap","Best baby soap in india","best soap for newborn baby","Baby soap ingredients","baby soap for skin"],"product_subtitle_keys":["Buy 1 Get 1 FREE"," Soap"],"size":"150g","unitPrice":"1.66/g","old_productid":"416593","generic_name":null},{"id":1217,"tier_prices":[],"avg_rating_percent":94,"categories":[2,5,6,9,11,18,20,45,267,24,333,342,15,379],"created_at":"2024-03-19 06:11:50","custom_attributes":[{"attribute_code":"manufacturer","value":"Indo Herbal Products, Unit - 2, Plot No. 28-29, Sector 1B, IIE, Sidcul, Ranipur, Haridwar, 249403, Regd. address :- C-84 Panchsheel Enclave, New Delhi – 110017"},{"attribute_code":"meta_title","value":"Mamaearth Baby Rich Moisturizing Ultra Light Sunscreen - 50g"},{"attribute_code":"meta_description","value":"Mamaearth Baby Rich Moisturizing Ultra Light Sunscreen - 50g "},{"attribute_code":"image","value":"/1/_/1_26.jpg"},{"attribute_code":"small_image","value":"/1/_/1_26.jpg"},{"attribute_code":"thumbnail","value":"/1/_/1_26.jpg"},{"attribute_code":"options_container","value":"container2"},{"attribute_code":"country_of_manufacture","value":"IN"},{"attribute_code":"url_key","value":"mamaearth-baby-rich-moisturizing-ultra-light-sunscreen-50g"},{"attribute_code":"msrp_display_actual_price_type","value":"0"},{"attribute_code":"gift_message_available","value":"2"},{"attribute_code":"swatch_image","value":"/1/_/1_26.jpg"},{"attribute_code":"attribute_label_1","value":"Results of Mamaearth Baby Rich Moisturizing Ultra Light Sunscreen"},{"attribute_code":"attribute_label_2","value":"Hero Ingredients"},{"attribute_code":"attribute_label_3","value":"How to Use"},{"attribute_code":"attribute_label_4","value":"Suitable For"},{"attribute_code":"attribute_label_5","value":"Why Mamaearth?"},{"attribute_code":"attribute_label_6","value":"Ingredient List"},{"attribute_code":"attribute_label_7","value":"FAQs"},{"attribute_code":"best_before","value":"24 Months"},{"attribute_code":"dimensions","value":"10*5*5"},{"attribute_code":"ean_code","value":"8904417313673"},{"attribute_code":"mrp","value":"299"},{"attribute_code":"old_productid","value":"1215"},{"attribute_code":"tags","value":"No.1 Baby Sunscreen"},{"attribute_code":"marketed_by","value":"Honasa Consumer Limited, 10th and 11th Floor, Capital Cyberscape, Sector 59, Gurugram, Haryana, 122101"},{"attribute_code":"live_url","value":"https://mamaearth.in/product/mamaearth-baby-rich-moisturizing-ultra-light-sunscreen-50g"},{"attribute_code":"license_no","value":"20/C/U.A/2010"},{"attribute_code":"length","value":"10"},{"attribute_code":"google_category","value":"2915"},{"attribute_code":"cms_sequence","value":"1,2,3,4,5,6,7,8"},{"attribute_code":"width","value":"5"},{"attribute_code":"height","value":"5"},{"attribute_code":"breadcrumb_category","value":"11","title":"Baby Skin Care Products","url_key":"baby-skin"},{"attribute_code":"custom_product_type","value":"be_baby"},{"attribute_code":"brand","value":"4"},{"attribute_code":"product_card_tags","value":"SPF 50 \u0026 PA++++ | Water Resistant | Lightweight \u0026 Moisturizing"},{"attribute_code":"saving_scheme","value":"price_per_100_gm"},{"attribute_code":"product_subtitle_keys","value":"Buy 1 Get 1 FREE, Sunscreen, Water Resistant, 50g"},{"attribute_code":"is_suitable_for_skin_type","value":"465","label":"normal"},{"attribute_code":"tax_class_id","value":"2"},{"attribute_code":"create_scarcity","value":"0"},{"attribute_code":"hide_product_infront","value":"0"},{"attribute_code":"show_in_feed","value":"1"},{"attribute_code":"show_price_per_unit","value":"1"},{"attribute_code":"volume","value":"50"},{"attribute_code":"enable_fbt_popup","value":"0"},{"attribute_code":"enable_product_for_wa_commerce","value":"0"},{"attribute_code":"strikethrough","value":"1"},{"attribute_code":"short_description","value":"\u003cp\u003e\u003cspan style=\"font-weight: 400;\"\u003eHi! I'm Mamaearth Baby Rich Moisturizing Ultra Light Sunscreen. I’m here to protect your li’l one's skin from harmful sun rays. Be it backyard explorers or water babies, I provide SPF 50 \u0026amp; PA++++ sun protection to them all and am water resistant for upto 120 minutes. Oh, and I am dermatologically tested and completely safe for your baby’s tender skin. \u003c/span\u003e\u003c/p\u003e\r\n\u003cp\u003e\u003cspan style=\"font-weight: 400;\"\u003eProtecting tiny tots from UV shots, I’m suitable for everyday use. Being extremely gentle on your baby's delicate skin, Calendula Extract in me intensely moisturizes and soothes skin. I also have Zinc Oxide, an excellent physical sunscreen that reflects harmful UV rays, without them getting absorbed.\u003c/span\u003e\u003c/p\u003e\r\n\u003cp\u003e\u003cspan style=\"font-weight: 400;\"\u003eThinking of bringing Made Safe Certified sun protection to your child? Leave that to me! That means you won't find any toxins, silicones, parabens or mineral oil in me.\u003c/span\u003e\u003c/p\u003e\r\n\u003cp\u003e\u003cspan style=\"font-weight: 400;\"\u003e*Mamaearth Rich Moisturising Ultra Light Sunscreen is tested for Water Resistance and is having WR 120mins - 94.18%.\u003c/span\u003e\u003c/p\u003e"},{"attribute_code":"meta_keyword","value":"Mamaearth Baby Rich Moisturizing Ultra Light Sunscreen - 50g"},{"attribute_code":"attribute_value_1","value":"\u003cul class=\"result-list\"\u003e\r\n\u003cli\u003e\r\n\u003cdiv class=\"result-img\"\u003e\u003cimg src=\"https://images.mamaearth.in/wysiwyg/baby_ss_1.png\" alt=\"SPF 50 \u0026amp; PA++++ Protection\" /\u003e\u003c/div\u003e\r\n\u003ch2\u003eSPF 50 \u0026amp; PA++++ Protection\u003c/h2\u003e\r\n\u003cspan class=\"result-content\" style=\"padding: 0; text-align: center;\"\u003eOur Baby Rich Moisturizing Ultra Light Sunscreen comes with SPF 50 and PA++++, which provide broad-spectrum sun protection to your babies. \u003c/span\u003e\u003c/li\u003e\r\n\u003cli\u003e\r\n\u003cdiv class=\"result-img\"\u003e\u003cimg src=\"https://images.mamaearth.in/wysiwyg/baby_ss_2.png\" alt=\"Water Resistant For Upto 120 Minutes\" /\u003e\u003c/div\u003e\r\n\u003ch2\u003eWater Resistant For Upto 120 Minutes\u003c/h2\u003e\r\n\u003cspan class=\"result-content\" style=\"padding: 0; text-align: center;\"\u003eEspecially crafted for your little ones, the Sunscreen is water resistant for upto 120 minutes and leaves no white cast. \u003c/span\u003e\u003c/li\u003e\r\n\u003cli\u003e\r\n\u003cdiv class=\"result-img\"\u003e\u003cimg src=\"https://images.mamaearth.in/wysiwyg/baby_ss_3.png\" alt=\"Lightweight \u0026amp; Moisturizing\" /\u003e\u003c/div\u003e\r\n\u003ch2\u003eLightweight \u0026amp; Moisturizing\u003c/h2\u003e\r\n\u003cspan class=\"result-content\" style=\"padding: 0; text-align: center;\"\u003eEnriched with Calendula Extract, this gentle yet effective Sunscreen is lightweight and moisturizes your baby’s tender skin. \u003c/span\u003e\u003c/li\u003e\r\n\u003cli\u003e\r\n\u003cdiv class=\"result-img\"\u003e\u003cimg src=\"https://images.mamaearth.in/wysiwyg/baby_ss_4.png\" alt=\"Made Safe Certified\" /\u003e\u003c/div\u003e\r\n\u003ch2\u003eMade Safe Certified\u003c/h2\u003e\r\n\u003cspan class=\"result-content\" style=\"padding: 0; text-align: center;\"\u003eBaby Rich Moisturizing Ultra Light Sunscreen is dermatologically tested and Made Safe Certified, which means it contains no toxins. \u003c/span\u003e\u003c/li\u003e\r\n\u003c/ul\u003e"},{"attribute_code":"attribute_value_2","value":"\u003cdiv\u003e\r\n  \u003cul class=\"woodmart-list\"\u003e\r\n    \u003cli\u003e\r\n      \u003cdiv class=\"list-icon\"\u003e\r\n        \u003cimg\r\n          src=\"https://images.mamaearth.in/wysiwyg/Calendula.jpg\"\r\n          alt=\"Calendula Extract\"\r\n        /\u003e\r\n      \u003c/div\u003e\r\n      \u003cspan class=\"list-content\" style=\"text-align: justify\"\r\n        \u003e\u003cstrong\u003eCalendula Extract : \u003c/strong\u003eIt moisturizes and soothes your\r\n        baby’s tender skin.\r\n      \u003c/span\u003e\r\n    \u003c/li\u003e\r\n    \u003cli\u003e\r\n      \u003cdiv class=\"list-icon\"\u003e\r\n        \u003cimg\r\n          src=\"https://images.mamaearth.in/wysiwyg/Zinc_PCA.jpg\"\r\n          alt=\"Zinc Oxide\"\r\n        /\u003e\r\n      \u003c/div\u003e\r\n      \u003cspan class=\"list-content\" style=\"text-align: justify\"\r\n        \u003e\u003cstrong\u003eZinc Oxide : \u003c/strong\u003eIt reflects harmful UVA \u0026 UVB rays\r\n        without getting absorbed into the skin.\r\n      \u003c/span\u003e\r\n    \u003c/li\u003e\r\n  \u003c/ul\u003e\r\n\u003c/div\u003e\r\n"},{"attribute_code":"attribute_value_3","value":"\u003cul\u003e\r\n\u003cli style=\"font-weight: 400;\" aria-level=\"1\"\u003e\u003cspan style=\"font-weight: 400;\"\u003eStep 1: Take an adequate amount of sunscreen.\u003c/span\u003e\u003c/li\u003e\r\n\u003cli style=\"font-weight: 400;\" aria-level=\"1\"\u003e\u003cspan style=\"font-weight: 400;\"\u003eStep 2: Apply on the face, neck, and sun-exposed areas.\u003c/span\u003e\u003c/li\u003e\r\n\u003cli style=\"font-weight: 400;\" aria-level=\"1\"\u003e\u003cspan style=\"font-weight: 400;\"\u003eStep 3: Reapply after every 2 hours.\u003c/span\u003e\u003c/li\u003e\r\n\u003c/ul\u003e\r\n\u003cp\u003e\u003cspan style=\"font-weight: 400;\"\u003eTip: Do not apply on open wounds.\u003c/span\u003e\u003c/p\u003e"},{"attribute_code":"attribute_value_4","value":"\u003cul\u003e\r\n\u003cli style=\"font-weight: 400;\" aria-level=\"1\"\u003e\u003cspan style=\"font-weight: 400;\"\u003eSuitable for newborns as well as older kids.\u003c/span\u003e\u003c/li\u003e\r\n\u003cli style=\"font-weight: 400;\" aria-level=\"1\"\u003eSuitable for all skin types.\u003c/li\u003e\r\n\u003c/ul\u003e"},{"attribute_code":"attribute_value_5","value":"\u003cul class=\"compare-list\"\u003e\r\n\u003cli\u003e\r\n\u003cdiv class=\"compare-img\"\u003e \u003c/div\u003e\r\n\u003cdiv class=\"compare-content\"\u003e\r\n\u003cul\u003e\r\n\u003cli\u003e\u003cspan style=\"font-weight: 400;\"\u003eSuitable For All Skin Types\u003c/span\u003e\u003c/li\u003e\r\n\u003cli\u003eSpf 50 \u0026amp; Pa++++ Protection\u003c/li\u003e\r\n\u003cli\u003eSafe For Babies\u003c/li\u003e\r\n\u003cli\u003eIs Waterproof\u003c/li\u003e\r\n\u003cli\u003eNon-Irritating Formula\u003c/li\u003e\r\n\u003cli\u003eDermatologically Tested\u003c/li\u003e\r\n\u003cli\u003eMade Safe Certified\u003c/li\u003e\r\n\u003c/ul\u003e\r\n\u003c/div\u003e\r\n\u003c/li\u003e\r\n\u003cli\u003e\r\n\u003cdiv class=\"compare-img\"\u003e \u003c/div\u003e\r\n\u003cdiv class=\"compare-content\"\u003e\r\n\u003cul\u003e\r\n\u003cli\u003e\u003cspan style=\"font-weight: 400;\"\u003eNot Suitable For All Skin Types\u003c/span\u003e\u003c/li\u003e\r\n\u003cli\u003eOffers No Sun Protection\u003c/li\u003e\r\n\u003cli\u003eIs Not Safe For Babies\u003c/li\u003e\r\n\u003cli\u003eIs Not Waterproof\u003c/li\u003e\r\n\u003cli\u003eIrritates And Feels Harsh On Skin\u003c/li\u003e\r\n\u003cli\u003eNot Dermatologically Tested\u003c/li\u003e\r\n\u003cli\u003eContain Harmful Chemicals\u003c/li\u003e\r\n\u003c/ul\u003e\r\n\u003c/div\u003e\r\n\u003c/li\u003e\r\n\u003c/ul\u003e"},{"attribute_code":"attribute_value_6","value":"\u003ctable\u003e\r\n\u003ctbody\u003e\r\n\u003ctr\u003e\r\n\u003ctd\u003e\r\n\u003cp\u003e\u003cstrong\u003eIngredient\u003c/strong\u003e\u003c/p\u003e\r\n\u003c/td\u003e\r\n\u003ctd\u003e\r\n\u003cp\u003e\u003cstrong\u003eType\u003c/strong\u003e\u003c/p\u003e\r\n\u003c/td\u003e\r\n\u003ctd\u003e\r\n\u003cp\u003e\u003cstrong\u003eWhere Is It From\u003c/strong\u003e\u003c/p\u003e\r\n\u003c/td\u003e\r\n\u003ctd\u003e\r\n\u003cp\u003e\u003cstrong\u003eHow It Helps\u003c/strong\u003e\u003c/p\u003e\r\n\u003c/td\u003e\r\n\u003c/tr\u003e\r\n\u003ctr\u003e\r\n\u003ctd\u003e\r\n\u003cp\u003e\u003cspan style=\"font-weight: 400;\"\u003eAqua\u003c/span\u003e\u003c/p\u003e\r\n\u003c/td\u003e\r\n\u003ctd\u003e\r\n\u003cp\u003e\u003cspan style=\"font-weight: 400;\"\u003eNatural\u003c/span\u003e\u003c/p\u003e\r\n\u003c/td\u003e\r\n\u003ctd\u003e\r\n\u003cp\u003e\u003cspan style=\"font-weight: 400;\"\u003eWater\u003c/span\u003e\u003c/p\u003e\r\n\u003c/td\u003e\r\n\u003ctd\u003e\r\n\u003cp\u003e\u003cspan style=\"font-weight: 400;\"\u003eDiluent\u003c/span\u003e\u003c/p\u003e\r\n\u003c/td\u003e\r\n\u003c/tr\u003e\r\n\u003ctr\u003e\r\n\u003ctd\u003e\r\n\u003cp\u003e\u003cspan style=\"font-weight: 400;\"\u003eSuncat DE\u003c/span\u003e\u003c/p\u003e\r\n\u003c/td\u003e\r\n\u003ctd\u003e\r\n\u003cp\u003e\u003cspan style=\"font-weight: 400;\"\u003eSynthetic\u003c/span\u003e\u003c/p\u003e\r\n\u003c/td\u003e\r\n\u003ctd\u003e\r\n\u003cp\u003e\u003cspan style=\"font-weight: 400;\"\u003eLab-Synthesized\u003c/span\u003e\u003c/p\u003e\r\n\u003c/td\u003e\r\n\u003ctd\u003e\r\n\u003cp\u003e\u003cspan style=\"font-weight: 400;\"\u003eSun Protection\u003c/span\u003e\u003c/p\u003e\r\n\u003c/td\u003e\r\n\u003c/tr\u003e\r\n\u003ctr\u003e\r\n\u003ctd\u003e\r\n\u003cp\u003e\u003cspan style=\"font-weight: 400;\"\u003eC 12-15 Alkyl benzoate\u003c/span\u003e\u003c/p\u003e\r\n\u003c/td\u003e\r\n\u003ctd\u003e\r\n\u003cp\u003e\u003cspan style=\"font-weight: 400;\"\u003eSynthetic\u003c/span\u003e\u003c/p\u003e\r\n\u003c/td\u003e\r\n\u003ctd\u003e\r\n\u003cp\u003e\u003cspan style=\"font-weight: 400;\"\u003eLab-Synthesized\u003c/span\u003e\u003c/p\u003e\r\n\u003c/td\u003e\r\n\u003ctd\u003e\r\n\u003cp\u003e\u003cspan style=\"font-weight: 400;\"\u003eMoisturizer\u003c/span\u003e\u003c/p\u003e\r\n\u003c/td\u003e\r\n\u003c/tr\u003e\r\n\u003ctr\u003e\r\n\u003ctd\u003e\r\n\u003cp\u003e\u003cspan style=\"font-weight: 400;\"\u003eSodium\u003c/span\u003e\u003c/p\u003e\r\n\u003cp\u003e\u003cspan style=\"font-weight: 400;\"\u003eAcrylates copolymer\u003c/span\u003e\u003c/p\u003e\r\n\u003c/td\u003e\r\n\u003ctd\u003e\r\n\u003cp\u003e\u003cspan style=\"font-weight: 400;\"\u003eSynthetic\u003c/span\u003e\u003c/p\u003e\r\n\u003c/td\u003e\r\n\u003ctd\u003e\r\n\u003cp\u003e\u003cspan style=\"font-weight: 400;\"\u003eLab-Synthesized\u003c/span\u003e\u003c/p\u003e\r\n\u003c/td\u003e\r\n\u003ctd\u003e\r\n\u003cp\u003e\u003cspan style=\"font-weight: 400;\"\u003eThickening Agent\u003c/span\u003e\u003c/p\u003e\r\n\u003c/td\u003e\r\n\u003c/tr\u003e\r\n\u003ctr\u003e\r\n\u003ctd\u003e\r\n\u003cp\u003e\u003cspan style=\"font-weight: 400;\"\u003eLecithin\u003c/span\u003e\u003c/p\u003e\r\n\u003c/td\u003e\r\n\u003ctd\u003e\r\n\u003cp\u003e\u003cspan style=\"font-weight: 400;\"\u003eNatural\u003c/span\u003e\u003c/p\u003e\r\n\u003c/td\u003e\r\n\u003ctd\u003e\r\n\u003cp\u003e\u003cspan style=\"font-weight: 400;\"\u003ePlant-Based\u003c/span\u003e\u003c/p\u003e\r\n\u003c/td\u003e\r\n\u003ctd\u003e\r\n\u003cp\u003e\u003cspan style=\"font-weight: 400;\"\u003eSkin-Replenishing Properties\u003c/span\u003e\u003c/p\u003e\r\n\u003c/td\u003e\r\n\u003c/tr\u003e\r\n\u003ctr\u003e\r\n\u003ctd\u003e\r\n\u003cp\u003e\u003cspan style=\"font-weight: 400;\"\u003ePolyglycerin 3\u003c/span\u003e\u003c/p\u003e\r\n\u003c/td\u003e\r\n\u003ctd\u003e\r\n\u003cp\u003e\u003cspan style=\"font-weight: 400;\"\u003eNatural\u003c/span\u003e\u003c/p\u003e\r\n\u003c/td\u003e\r\n\u003ctd\u003e\r\n\u003cp\u003e\u003cspan style=\"font-weight: 400;\"\u003ePlant-Based\u003c/span\u003e\u003c/p\u003e\r\n\u003c/td\u003e\r\n\u003ctd\u003e\r\n\u003cp\u003e\u003cspan style=\"font-weight: 400;\"\u003eMoisturizer\u003c/span\u003e\u003c/p\u003e\r\n\u003c/td\u003e\r\n\u003c/tr\u003e\r\n\u003ctr\u003e\r\n\u003ctd\u003e\r\n\u003cp\u003e\u003cspan style=\"font-weight: 400;\"\u003eXylitol\u003c/span\u003e\u003c/p\u003e\r\n\u003c/td\u003e\r\n\u003ctd\u003e\r\n\u003cp\u003e\u003cspan style=\"font-weight: 400;\"\u003eNatural\u003c/span\u003e\u003c/p\u003e\r\n\u003c/td\u003e\r\n\u003ctd\u003e\r\n\u003cp\u003e\u003cspan style=\"font-weight: 400;\"\u003ePlant-Based\u003c/span\u003e\u003c/p\u003e\r\n\u003c/td\u003e\r\n\u003ctd\u003e\r\n\u003cp\u003e\u003cspan style=\"font-weight: 400;\"\u003eMoisturizer\u003c/span\u003e\u003c/p\u003e\r\n\u003c/td\u003e\r\n\u003c/tr\u003e\r\n\u003ctr\u003e\r\n\u003ctd\u003e\r\n\u003cp\u003e\u003cspan style=\"font-weight: 400;\"\u003eGlucose\u003c/span\u003e\u003c/p\u003e\r\n\u003c/td\u003e\r\n\u003ctd\u003e\r\n\u003cp\u003e\u003cspan style=\"font-weight: 400;\"\u003eNatural\u003c/span\u003e\u003c/p\u003e\r\n\u003c/td\u003e\r\n\u003ctd\u003e\r\n\u003cp\u003e\u003cspan style=\"font-weight: 400;\"\u003ePlant-Based\u003c/span\u003e\u003c/p\u003e\r\n\u003c/td\u003e\r\n\u003ctd\u003e\r\n\u003cp\u003e\u003cspan style=\"font-weight: 400;\"\u003eMoisturizer\u003c/span\u003e\u003c/p\u003e\r\n\u003c/td\u003e\r\n\u003c/tr\u003e\r\n\u003ctr\u003e\r\n\u003ctd\u003e\r\n\u003cp\u003e\u003cspan style=\"font-weight: 400;\"\u003eAnhydroxylitol\u003c/span\u003e\u003c/p\u003e\r\n\u003c/td\u003e\r\n\u003ctd\u003e\r\n\u003cp\u003e\u003cspan style=\"font-weight: 400;\"\u003eNatural\u003c/span\u003e\u003c/p\u003e\r\n\u003c/td\u003e\r\n\u003ctd\u003e\r\n\u003cp\u003e\u003cspan style=\"font-weight: 400;\"\u003ePlant-Based\u003c/span\u003e\u003c/p\u003e\r\n\u003c/td\u003e\r\n\u003ctd\u003e\r\n\u003cp\u003e\u003cspan style=\"font-weight: 400;\"\u003eMoisturizer\u003c/span\u003e\u003c/p\u003e\r\n\u003c/td\u003e\r\n\u003c/tr\u003e\r\n\u003ctr\u003e\r\n\u003ctd\u003e\r\n\u003cp\u003e\u003cspan style=\"font-weight: 400;\"\u003ePhoenix Dactylifera Extract\u003c/span\u003e\u003c/p\u003e\r\n\u003c/td\u003e\r\n\u003ctd\u003e\r\n\u003cp\u003e\u003cspan style=\"font-weight: 400;\"\u003eNatural\u003c/span\u003e\u003c/p\u003e\r\n\u003c/td\u003e\r\n\u003ctd\u003e\r\n\u003cp\u003e\u003cspan style=\"font-weight: 400;\"\u003ePlant-Based\u003c/span\u003e\u003c/p\u003e\r\n\u003c/td\u003e\r\n\u003ctd\u003e\r\n\u003cp\u003e\u003cspan style=\"font-weight: 400;\"\u003eSkin-Replenishing Properties\u003c/span\u003e\u003c/p\u003e\r\n\u003c/td\u003e\r\n\u003c/tr\u003e\r\n\u003ctr\u003e\r\n\u003ctd\u003e\r\n\u003cp\u003e\u003cspan style=\"font-weight: 400;\"\u003eCalendula Officinalis Extract (Calendula Extract)\u003c/span\u003e\u003c/p\u003e\r\n\u003c/td\u003e\r\n\u003ctd\u003e\r\n\u003cp\u003e\u003cspan style=\"font-weight: 400;\"\u003eNatural\u003c/span\u003e\u003c/p\u003e\r\n\u003c/td\u003e\r\n\u003ctd\u003e\r\n\u003cp\u003e\u003cspan style=\"font-weight: 400;\"\u003ePlant-Based\u003c/span\u003e\u003c/p\u003e\r\n\u003c/td\u003e\r\n\u003ctd\u003e\r\n\u003cp\u003e\u003cspan style=\"font-weight: 400;\"\u003eMoisturizer\u003c/span\u003e\u003c/p\u003e\r\n\u003c/td\u003e\r\n\u003c/tr\u003e\r\n\u003ctr\u003e\r\n\u003ctd\u003e\r\n\u003cp\u003e\u003cspan style=\"font-weight: 400;\"\u003eShea Butter\u003c/span\u003e\u003c/p\u003e\r\n\u003c/td\u003e\r\n\u003ctd\u003e\r\n\u003cp\u003e\u003cspan style=\"font-weight: 400;\"\u003eNatural\u003c/span\u003e\u003c/p\u003e\r\n\u003c/td\u003e\r\n\u003ctd\u003e\r\n\u003cp\u003e\u003cspan style=\"font-weight: 400;\"\u003ePlant-Based\u003c/span\u003e\u003c/p\u003e\r\n\u003c/td\u003e\r\n\u003ctd\u003e\r\n\u003cp\u003e\u003cspan style=\"font-weight: 400;\"\u003eMoisturizer\u003c/span\u003e\u003c/p\u003e\r\n\u003c/td\u003e\r\n\u003c/tr\u003e\r\n\u003ctr\u003e\r\n\u003ctd\u003e\r\n\u003cp\u003e\u003cspan style=\"font-weight: 400;\"\u003ePropanediol\u003c/span\u003e\u003c/p\u003e\r\n\u003c/td\u003e\r\n\u003ctd\u003e\r\n\u003cp\u003e\u003cspan style=\"font-weight: 400;\"\u003eNatural\u003c/span\u003e\u003c/p\u003e\r\n\u003c/td\u003e\r\n\u003ctd\u003e\r\n\u003cp\u003e\u003cspan style=\"font-weight: 400;\"\u003ePlant-Based\u003c/span\u003e\u003c/p\u003e\r\n\u003c/td\u003e\r\n\u003ctd\u003e\r\n\u003cp\u003e\u003cspan style=\"font-weight: 400;\"\u003eEmollient\u003c/span\u003e\u003c/p\u003e\r\n\u003c/td\u003e\r\n\u003c/tr\u003e\r\n\u003ctr\u003e\r\n\u003ctd\u003e\r\n\u003cp\u003e\u003cspan style=\"font-weight: 400;\"\u003eSodium Benzoate\u003c/span\u003e\u003c/p\u003e\r\n\u003c/td\u003e\r\n\u003ctd\u003e\r\n\u003cp\u003e\u003cspan style=\"font-weight: 400;\"\u003eNatural\u003c/span\u003e\u003c/p\u003e\r\n\u003c/td\u003e\r\n\u003ctd\u003e\r\n\u003cp\u003e\u003cspan style=\"font-weight: 400;\"\u003ePlant-Based\u003c/span\u003e\u003c/p\u003e\r\n\u003c/td\u003e\r\n\u003ctd\u003e\r\n\u003cp\u003e\u003cspan style=\"font-weight: 400;\"\u003ePreservative\u003c/span\u003e\u003c/p\u003e\r\n\u003c/td\u003e\r\n\u003c/tr\u003e\r\n\u003ctr\u003e\r\n\u003ctd\u003e\r\n\u003cp\u003e\u003cspan style=\"font-weight: 400;\"\u003eAloe Barbadensis Leaf Juice (Aloe Vera)\u003c/span\u003e\u003c/p\u003e\r\n\u003c/td\u003e\r\n\u003ctd\u003e\r\n\u003cp\u003e\u003cspan style=\"font-weight: 400;\"\u003eNatural\u003c/span\u003e\u003c/p\u003e\r\n\u003c/td\u003e\r\n\u003ctd\u003e\r\n\u003cp\u003e\u003cspan style=\"font-weight: 400;\"\u003ePlant Based\u003c/span\u003e\u003c/p\u003e\r\n\u003c/td\u003e\r\n\u003ctd\u003e\r\n\u003cp\u003e\u003cspan style=\"font-weight: 400;\"\u003eSkin Softner\u003c/span\u003e\u003c/p\u003e\r\n\u003c/td\u003e\r\n\u003c/tr\u003e\r\n\u003ctr\u003e\r\n\u003ctd\u003e\r\n\u003cp\u003e\u003cspan style=\"font-weight: 400;\"\u003ePotassium Sorbate\u003c/span\u003e\u003c/p\u003e\r\n\u003c/td\u003e\r\n\u003ctd\u003e\r\n\u003cp\u003e\u003cspan style=\"font-weight: 400;\"\u003eSynthetic\u003c/span\u003e\u003c/p\u003e\r\n\u003c/td\u003e\r\n\u003ctd\u003e\r\n\u003cp\u003e\u003cspan style=\"font-weight: 400;\"\u003eLab-Synthesized\u003c/span\u003e\u003c/p\u003e\r\n\u003c/td\u003e\r\n\u003ctd\u003e\r\n\u003cp\u003e\u003cspan style=\"font-weight: 400;\"\u003ePreservative\u003c/span\u003e\u003c/p\u003e\r\n\u003c/td\u003e\r\n\u003c/tr\u003e\r\n\u003ctr\u003e\r\n\u003ctd\u003e\r\n\u003cp\u003e\u003cspan style=\"font-weight: 400;\"\u003ePrunus Amygdalus Dulcis (Sweet Almond) Oil\u003c/span\u003e\u003c/p\u003e\r\n\u003c/td\u003e\r\n\u003ctd\u003e\r\n\u003cp\u003e\u003cspan style=\"font-weight: 400;\"\u003eNatural\u003c/span\u003e\u003c/p\u003e\r\n\u003c/td\u003e\r\n\u003ctd\u003e\r\n\u003cp\u003e\u003cspan style=\"font-weight: 400;\"\u003ePlant Based\u003c/span\u003e\u003c/p\u003e\r\n\u003c/td\u003e\r\n\u003ctd\u003e\r\n\u003cp\u003e\u003cspan style=\"font-weight: 400;\"\u003eMoisturizing Agent\u003c/span\u003e\u003c/p\u003e\r\n\u003c/td\u003e\r\n\u003c/tr\u003e\r\n\u003ctr\u003e\r\n\u003ctd\u003e\r\n\u003cp\u003e\u003cspan style=\"font-weight: 400;\"\u003eGlyceryl Stearate\u003c/span\u003e\u003c/p\u003e\r\n\u003c/td\u003e\r\n\u003ctd\u003e\r\n\u003cp\u003e\u003cspan style=\"font-weight: 400;\"\u003eNatural\u003c/span\u003e\u003c/p\u003e\r\n\u003c/td\u003e\r\n\u003ctd\u003e\r\n\u003cp\u003e\u003cspan style=\"font-weight: 400;\"\u003ePlant Based\u003c/span\u003e\u003c/p\u003e\r\n\u003c/td\u003e\r\n\u003ctd\u003e\r\n\u003cp\u003e\u003cspan style=\"font-weight: 400;\"\u003eEmulsifying and Stabilizing Agent\u003c/span\u003e\u003c/p\u003e\r\n\u003c/td\u003e\r\n\u003c/tr\u003e\r\n\u003ctr\u003e\r\n\u003ctd\u003e\r\n\u003cp\u003e\u003cspan style=\"font-weight: 400;\"\u003eAllantoin\u003c/span\u003e\u003c/p\u003e\r\n\u003c/td\u003e\r\n\u003ctd\u003e\r\n\u003cp\u003e\u003cspan style=\"font-weight: 400;\"\u003eNatural\u003c/span\u003e\u003c/p\u003e\r\n\u003c/td\u003e\r\n\u003ctd\u003e\r\n\u003cp\u003e\u003cspan style=\"font-weight: 400;\"\u003ePlant Based\u003c/span\u003e\u003c/p\u003e\r\n\u003c/td\u003e\r\n\u003ctd\u003e\r\n\u003cp\u003e\u003cspan style=\"font-weight: 400;\"\u003eSkin Smoothening\u003c/span\u003e\u003c/p\u003e\r\n\u003c/td\u003e\r\n\u003c/tr\u003e\r\n\u003ctr\u003e\r\n\u003ctd\u003e\r\n\u003cp\u003e\u003cspan style=\"font-weight: 400;\"\u003eZinc Oxide\u003c/span\u003e\u003c/p\u003e\r\n\u003c/td\u003e\r\n\u003ctd\u003e\r\n\u003cp\u003e\u003cspan style=\"font-weight: 400;\"\u003eNatural\u003c/span\u003e\u003c/p\u003e\r\n\u003c/td\u003e\r\n\u003ctd\u003e\r\n\u003cp\u003e\u003cspan style=\"font-weight: 400;\"\u003eMineral\u003c/span\u003e\u003c/p\u003e\r\n\u003c/td\u003e\r\n\u003ctd\u003e\r\n\u003cp\u003e\u003cspan style=\"font-weight: 400;\"\u003eSun Protection\u003c/span\u003e\u003c/p\u003e\r\n\u003c/td\u003e\r\n\u003c/tr\u003e\r\n\u003ctr\u003e\r\n\u003ctd\u003e\r\n\u003cp\u003e\u003cspan style=\"font-weight: 400;\"\u003eTitanium Dioxide\u003c/span\u003e\u003c/p\u003e\r\n\u003c/td\u003e\r\n\u003ctd\u003e\r\n\u003cp\u003e\u003cspan style=\"font-weight: 400;\"\u003eNatural\u003c/span\u003e\u003c/p\u003e\r\n\u003c/td\u003e\r\n\u003ctd\u003e\r\n\u003cp\u003e\u003cspan style=\"font-weight: 400;\"\u003eMineral\u003c/span\u003e\u003c/p\u003e\r\n\u003c/td\u003e\r\n\u003ctd\u003e\r\n\u003cp\u003e\u003cspan style=\"font-weight: 400;\"\u003eSun Protection\u003c/span\u003e\u003c/p\u003e\r\n\u003c/td\u003e\r\n\u003c/tr\u003e\r\n\u003ctr\u003e\r\n\u003ctd\u003e\r\n\u003cp\u003e\u003cspan style=\"font-weight: 400;\"\u003eOlea Europaea (Olive Oil)\u003c/span\u003e\u003c/p\u003e\r\n\u003c/td\u003e\r\n\u003ctd\u003e\r\n\u003cp\u003e\u003cspan style=\"font-weight: 400;\"\u003eNatural\u003c/span\u003e\u003c/p\u003e\r\n\u003c/td\u003e\r\n\u003ctd\u003e\r\n\u003cp\u003e\u003cspan style=\"font-weight: 400;\"\u003ePlant-Based\u003c/span\u003e\u003c/p\u003e\r\n\u003c/td\u003e\r\n\u003ctd\u003e\r\n\u003cp\u003e\u003cspan style=\"font-weight: 400;\"\u003eMoisturizer\u003c/span\u003e\u003c/p\u003e\r\n\u003c/td\u003e\r\n\u003c/tr\u003e\r\n\u003c/tbody\u003e\r\n\u003c/table\u003e"},{"attribute_code":"attribute_value_7","value":"\u003cdiv id=\"faqs\"\u003e\r\n  \u003cp\u003eMy child has sensitive skin. Is it safe to apply this?\u003c/p\u003e\r\n  \u003cp\u003e\r\n    Yes, Mamaearth Baby Moisturizing Ultra Light Sunscreen is suitable for all\r\n    skin types, but we always recommend doing a patch test.\r\n  \u003c/p\u003e\r\n  \u003cp\u003eHow often can I use this on my baby?\u003c/p\u003e\r\n  \u003cp\u003eYou can use it daily. Reapply sunscreen after every 2 hours.\u003c/p\u003e\r\n  \u003cp\u003eWill it irritate my baby’s skin?\u003c/p\u003e\r\n  \u003cp\u003e\r\n    Absolutely not. Mamaearth Baby Rich Moisturizing Ultra Light Sunscreen will\r\n    not irritate your baby’s skin. It’s dermatologically tested and is suitable\r\n    for all skin types.\r\n  \u003c/p\u003e\r\n  \u003cp\u003eCan adults use this sunscreen?\u003c/p\u003e\r\n  \u003cp\u003e\r\n    We recommend other Mamaearth sunscreens that are more suitable for adults.\r\n  \u003c/p\u003e\r\n\u003c/div\u003e\r\n"},{"attribute_code":"special_from_date","value":"2024-05-10 10:59:00"}],"hide_in_front":0,"image":"/1/_/1_26.jpg","imageAltTags":[],"is_in_stock":true,"name":"Mamaearth Baby Rich Moisturizing Ultra Light Sunscreen - 50g","position":"3","price":"399.00","product_card_tags":"SPF 50 \u0026 PA++++ | Water Resistant | Lightweight \u0026 Moisturizing","review_count":40,"sku":"8904417313673","special_price":"","special_price_from_date":{"date":"2024-05-10 16:29:00","timezone_type":3,"timezone":"Asia/Kolkata"},"tags":"No.1 Baby Sunscreen","url_key":"mamaearth-baby-rich-moisturizing-ultra-light-sunscreen-50g","product_subtitle_keys":["Buy 1 Get 1 FREE"," Sunscreen"," Water Resistant"," 50g"],"size":"50g","unitPrice":"7.98/g","old_productid":"1215","generic_name":null},{"id":377,"tier_prices":[],"avg_rating_percent":97,"categories":[2,6,16,86,31,5,109,254,413,426,15,379],"created_at":"2021-06-25 06:59:48","custom_attributes":[{"attribute_code":"manufacturer","value":"Nulyf India,  Plot no-78, STICE, Musalgaon, Sinnar, Nashik-422112"},{"attribute_code":"meta_title","value":"Milky Soft Body Lotion with Oats and for Babies -400ml"},{"attribute_code":"meta_description","value":"Buy Mamaearth Milky Soft Body Lotion for Kids. As the best body milk lotion for baby and for kids,  it can be used for dry skin and for winters too."},{"attribute_code":"image","value":"/1/_/1_99.jpg"},{"attribute_code":"small_image","value":"/1/_/1_99.jpg"},{"attribute_code":"thumbnail","value":"/1/_/1_99.jpg"},{"attribute_code":"options_container","value":"container2"},{"attribute_code":"small_image_label","value":"baby products"},{"attribute_code":"thumbnail_label","value":"baby products"},{"attribute_code":"country_of_manufacture","value":"IN"},{"attribute_code":"url_key","value":"milky-soft-body-lotion-for-babies-with-oats-milk-calendula-400ml"},{"attribute_code":"msrp_display_actual_price_type","value":"0"},{"attribute_code":"gift_message_available","value":"2"},{"attribute_code":"swatch_image","value":"/1/_/1_99.jpg"},{"attribute_code":"attribute_label_1","value":"Results of Mamaearth Milky Soft Body Lotion for Babies"},{"attribute_code":"attribute_label_2","value":"Key Ingredients"},{"attribute_code":"attribute_label_3","value":"How to Use"},{"attribute_code":"attribute_label_4","value":"Who can Use"},{"attribute_code":"attribute_label_5","value":"Why Mamaearth"},{"attribute_code":"attribute_label_6","value":"Ingredient List"},{"attribute_code":"attribute_label_7","value":"FAQs"},{"attribute_code":"best_before","value":"24 Months"},{"attribute_code":"dimensions","value":"10 * 5 * 5 cm"},{"attribute_code":"mrp","value":"449"},{"attribute_code":"old_productid","value":"460"},{"attribute_code":"weight_when_packed","value":"0.5 lbs"},{"attribute_code":"tags","value":"best-seller"},{"attribute_code":"marketed_by","value":"Honasa Consumer Limited, 10th and 11th Floor, Capital Cyberscape, Sector 59, Gurugram, Haryana, 122101"},{"attribute_code":"live_url","value":"https://mamaearth.in/product/milky-soft-body-lotion-for-babies-with-oats-milk-calendula-400ml"},{"attribute_code":"license_no","value":"MH/103434A"},{"attribute_code":"length","value":"10"},{"attribute_code":"google_category","value":"2915"},{"attribute_code":"cms_sequence","value":"1,2,3,4,5,6,7,8"},{"attribute_code":"width","value":"5"},{"attribute_code":"height","value":"5"},{"attribute_code":"breadcrumb_category","value":"16","title":"Baby Lotion","url_key":"baby-lotion"},{"attribute_code":"custom_product_type","value":"ba_skin"},{"attribute_code":"brand","value":"4"},{"attribute_code":"product_card_tags","value":"Deeply Nourishes Skin | 24-Hour Moisturization"},{"attribute_code":"saving_scheme","value":"price_per_100_ml"},{"attribute_code":"product_subtitle_keys","value":"Buy 1 Get 1 FREE, Moisturizing, Body lotion"},{"attribute_code":"is_suitable_for_skin_type","value":"463","label":"sensitive"},{"attribute_code":"skin_goals","value":"467","label":"moisturization"},{"attribute_code":"tax_class_id","value":"2"},{"attribute_code":"create_scarcity","value":"0"},{"attribute_code":"hide_product_infront","value":"0"},{"attribute_code":"show_in_feed","value":"1"},{"attribute_code":"base_category","value":"84"},{"attribute_code":"base_sub_category","value":"47"},{"attribute_code":"show_price_per_unit","value":"1"},{"attribute_code":"volume","value":"400"},{"attribute_code":"enable_fbt_popup","value":"0"},{"attribute_code":"enable_product_for_wa_commerce","value":"0"},{"attribute_code":"strikethrough","value":"1"},{"attribute_code":"baby_milky_soft_body_lotion","value":"539"},{"attribute_code":"meta_keyword","value":"mamaearth milky soft body lotion, body milk, baby soft, oats and milk for face, calendula lotion, oats moisturizer, milky soft body lotion for babies."},{"attribute_code":"short_description","value":"\u003cp style=\"text-align: justify;\"\u003eHi! I am Mamaearth Milky Soft Body Lotion crafted especially for your little one! I am the superhero that moisturizes your baby’s delicate skin. I kiss away dryness and lock the skin’s natural oils to help your munchkin’s skin soft all day long.\u003cbr /\u003eEnriched with the natural goodness of Oats, Milk and Calendula, I offer gentle and safe care to your munchkin by making their skin supple and soft. Oat Milk has immense moisturizing and soothing properties that help in getting rid of dry and itchy skin, while Calendula is rich in Vitamin E \u0026amp; amino acids, leaving skin deeply nourished.\u003cbr /\u003eI am also MadeSafe Certified and because of our no toxins and no harmful chemicals philosophy, you won’t find any Silicones, Parabens, mineral oil \u0026amp; dyes in me.\u003c/p\u003e"},{"attribute_code":"attribute_value_1","value":"\u003cdiv class=\"list-banner\"\u003e\u003cimg src=\"https://images.mamaearth.in/wysiwyg/All-Aplus/milky-soft-body-lotion-A%2B.jpg\" alt=\"Milky Soft Body Lotion for Babies with Oats, Milk and Calendula - 400ml\" /\u003e\r\n\u003cp style=\"text-align: center;\"\u003eMilky Soft Body Lotion for Babies with Oats, Milk and Calendula - 400ml\u003c/p\u003e\r\n\u003c/div\u003e"},{"attribute_code":"attribute_value_2","value":"\u003cul class=\"woodmart-list\"\u003e\r\n\u003cli\u003e\r\n\u003cdiv class=\"list-icon\"\u003e\u003cimg src=\"https://images.mamaearth.in/wysiwyg/Oats.jpg\" alt=\"\" /\u003e\u003c/div\u003e\r\n\u003cspan class=\"list-content\" style=\"text-align: justify;\"\u003e\u003cstrong\u003eOats: \u003c/strong\u003e It has immense nourishing properties. It offers intense moisturization to the skin thanks to its lipid and water content. \u003c/span\u003e\u003c/li\u003e\r\n\u003cli\u003e\r\n\u003cdiv class=\"list-icon\"\u003e\u003cimg src=\"https://images.mamaearth.in/wysiwyg/Calendula.jpg\" alt=\"\" /\u003e\u003c/div\u003e\r\n\u003cspan class=\"list-content\" style=\"text-align: justify;\"\u003e\u003cstrong\u003eCalendula: \u003c/strong\u003e This pretty flower has multiple benefits. It soothes, hydrates, and nourishes the skin deeply.\u003c/span\u003e\u003c/li\u003e\r\n\u003cli\u003e\r\n\u003cdiv class=\"list-icon\"\u003e\u003cimg src=\"https://images.mamaearth.in/wysiwyg/Shea-Butter_0zSIYuV.jpg\" alt=\"\" /\u003e\u003c/div\u003e\r\n\u003cspan class=\"list-content\" style=\"text-align: justify;\"\u003e\u003cstrong\u003eShea Butter:\u003c/strong\u003e It is an excellent moisturizing agent that also has anti-inflammatory and antioxidant properties. It provides relief to itchy and peeling skin.\u003c/span\u003e\u003c/li\u003e\r\n\u003cli\u003e\r\n\u003cdiv class=\"list-icon\"\u003e\u003cimg src=\"https://images.mamaearth.in/wysiwyg/Milk_HFD6fkI.jpg\" alt=\"\" /\u003e\u003c/div\u003e\r\n\u003cspan class=\"list-content\" style=\"text-align: justify;\"\u003e\u003cstrong\u003eMilk Protein: \u003c/strong\u003eIt keeps the skin hydrated and doesn’t allow moisture to evaporate. It also reduces allergic infections like rashes and dark spots on the skin.\u003c/span\u003e\u003c/li\u003e\r\n\u003cli\u003e \u003c/li\u003e\r\n\u003c/ul\u003e"},{"attribute_code":"attribute_value_3","value":"\u003cul\u003e\r\n\u003cli\u003e\u003cspan class=\"list-content\"\u003e\u003cstrong\u003eStep 1 : \u003c/strong\u003ePump out a coin-sized amount of body lotion on your palm. \u003c/span\u003e\u003c/li\u003e\r\n\u003cli\u003e\u003cspan class=\"list-content\"\u003e\u003cstrong\u003eStep 2 : \u003c/strong\u003eApply all over your baby’s body.\u003c/span\u003e\u003c/li\u003e\r\n\u003cli\u003e\u003cspan class=\"list-content\"\u003e\u003cstrong\u003eStep 3 : \u003c/strong\u003eMassage gently until the lotion gets absorbed.\u003c/span\u003e\u003c/li\u003e\r\n\u003cli\u003e\u003cspan class=\"list-content\"\u003e\u003cstrong\u003eStep 4 : \u003c/strong\u003eUse as often as needed, especially after bathing.\u003c/span\u003e\u003c/li\u003e\r\n\u003c/ul\u003e"},{"attribute_code":"attribute_value_4","value":"\u003cul style=\"list-style: disc; padding-left: 1em;\"\u003e\r\n\u003cli\u003e\u003cspan class=\"list-content\"\u003eSuitable for newborns as well as older kids\u003c/span\u003e\u003c/li\u003e\r\n\u003cli\u003e\u003cspan class=\"list-content\"\u003eCan be used for all skin types\u003c/span\u003e\u003c/li\u003e\r\n\u003c/ul\u003e"},{"attribute_code":"attribute_value_5","value":"\u003cul class=\"compare-list\"\u003e\r\n\u003cli\u003e\r\n\u003cdiv class=\"compare-content\"\u003e\r\n\u003cul\u003e\r\n\u003cli\u003eSoothes Baby’s Dry \u0026amp; Itchy Skin\u003c/li\u003e\r\n\u003cli\u003eOffers Deep Moisturization\u003c/li\u003e\r\n\u003cli\u003eProvides Intense Hydration\u003c/li\u003e\r\n\u003cli\u003epH Balanced Formula\u003c/li\u003e\r\n\u003cli\u003eDermatologically Tested\u003c/li\u003e\r\n\u003c/ul\u003e\r\n\u003c/div\u003e\r\n\u003c/li\u003e\r\n\u003cli\u003e\r\n\u003cdiv class=\"compare-content\"\u003e\r\n\u003cul\u003e\r\n\u003cli\u003eDoes Not Soothe Baby’s Dry \u0026amp; Itchy skin\u003c/li\u003e\r\n\u003cli\u003eProvides Little Moisturization\u003c/li\u003e\r\n\u003cli\u003eMakes Skin Look Greasy\u003c/li\u003e\r\n\u003cli\u003eReacts on Sensitive Skin\u003c/li\u003e\r\n\u003cli\u003eContains Parabens \u0026amp; Silicones\u003c/li\u003e\r\n\u003c/ul\u003e\r\n\u003c/div\u003e\r\n\u003c/li\u003e\r\n\u003c/ul\u003e"},{"attribute_code":"attribute_value_6","value":"\u003ctable\u003e\r\n\u003ctbody\u003e\r\n\u003ctr\u003e\r\n\u003ctd\u003e\r\n\u003cp\u003e\u003cstrong\u003eIngredients\u003c/strong\u003e\u003c/p\u003e\r\n\u003c/td\u003e\r\n\u003ctd\u003e\r\n\u003cp\u003e\u003cstrong\u003eType\u003c/strong\u003e\u003c/p\u003e\r\n\u003c/td\u003e\r\n\u003ctd\u003e\r\n\u003cp\u003e\u003cstrong\u003eWhere It Comes From?\u003c/strong\u003e\u003c/p\u003e\r\n\u003c/td\u003e\r\n\u003ctd\u003e\r\n\u003cp\u003e\u003cstrong\u003eHow It Helps?\u003c/strong\u003e\u003c/p\u003e\r\n\u003c/td\u003e\r\n\u003c/tr\u003e\r\n\u003ctr\u003e\r\n\u003ctd\u003e\u003cbr /\u003e\r\n\u003cp\u003e\u003cspan style=\"font-weight: 400;\"\u003eAqua\u003c/span\u003e\u003c/p\u003e\r\n\u003c/td\u003e\r\n\u003ctd\u003e\r\n\u003cp\u003e\u003cspan style=\"font-weight: 400;\"\u003eNatural\u003c/span\u003e\u003c/p\u003e\r\n\u003c/td\u003e\r\n\u003ctd\u003e\r\n\u003cp\u003e\u003cspan style=\"font-weight: 400;\"\u003eWater\u003c/span\u003e\u003c/p\u003e\r\n\u003c/td\u003e\r\n\u003ctd\u003e\r\n\u003cp\u003e\u003cspan style=\"font-weight: 400;\"\u003eDiluent \u003c/span\u003e\u003c/p\u003e\r\n\u003c/td\u003e\r\n\u003c/tr\u003e\r\n\u003ctr\u003e\r\n\u003ctd\u003e\u003cbr /\u003e\r\n\u003cp\u003e\u003cspan style=\"font-weight: 400;\"\u003eGlycerin\u003c/span\u003e\u003c/p\u003e\r\n\u003c/td\u003e\r\n\u003ctd\u003e\r\n\u003cp\u003e\u003cspan style=\"font-weight: 400;\"\u003eNatural\u003c/span\u003e\u003c/p\u003e\r\n\u003c/td\u003e\r\n\u003ctd\u003e\r\n\u003cp\u003e\u003cspan style=\"font-weight: 400;\"\u003ePlant-Based\u003c/span\u003e\u003c/p\u003e\r\n\u003c/td\u003e\r\n\u003ctd\u003e\r\n\u003cp\u003e\u003cspan style=\"font-weight: 400;\"\u003eHelps Retain Moisture\u003c/span\u003e\u003c/p\u003e\r\n\u003c/td\u003e\r\n\u003c/tr\u003e\r\n\u003ctr\u003e\r\n\u003ctd\u003e\u003cbr /\u003e\r\n\u003cp\u003e\u003cspan style=\"font-weight: 400;\"\u003eIsopropyl Myristate\u003c/span\u003e\u003c/p\u003e\r\n\u003c/td\u003e\r\n\u003ctd\u003e\u003cbr /\u003e\r\n\u003cp\u003e\u003cspan style=\"font-weight: 400;\"\u003eNatural\u003c/span\u003e\u003c/p\u003e\r\n\u003c/td\u003e\r\n\u003ctd\u003e\u003cbr /\u003e\r\n\u003cp\u003e\u003cspan style=\"font-weight: 400;\"\u003ePlant-Based\u003c/span\u003e\u003c/p\u003e\r\n\u003c/td\u003e\r\n\u003ctd\u003e\r\n\u003cp\u003e\u003cspan style=\"font-weight: 400;\"\u003eEmollient \u0026amp; Moisturizing agent\u003c/span\u003e\u003c/p\u003e\r\n\u003c/td\u003e\r\n\u003c/tr\u003e\r\n\u003ctr\u003e\r\n\u003ctd\u003e\u003cbr /\u003e\r\n\u003cp\u003e\u003cspan style=\"font-weight: 400;\"\u003eGlyceryl Stearate SE\u003c/span\u003e\u003c/p\u003e\r\n\u003c/td\u003e\r\n\u003ctd\u003e\u003cbr /\u003e\r\n\u003cp\u003e\u003cspan style=\"font-weight: 400;\"\u003eNatural\u003c/span\u003e\u003c/p\u003e\r\n\u003c/td\u003e\r\n\u003ctd\u003e\u003cbr /\u003e\r\n\u003cp\u003e\u003cspan style=\"font-weight: 400;\"\u003eSoy Oil\u003c/span\u003e\u003c/p\u003e\r\n\u003c/td\u003e\r\n\u003ctd\u003e\u003cbr /\u003e\r\n\u003cp\u003e\u003cspan style=\"font-weight: 400;\"\u003eHelps Retain Moisture\u003c/span\u003e\u003c/p\u003e\r\n\u003c/td\u003e\r\n\u003c/tr\u003e\r\n\u003ctr\u003e\r\n\u003ctd\u003e\u003cbr /\u003e\r\n\u003cp\u003e\u003cspan style=\"font-weight: 400;\"\u003eShea Butter\u003c/span\u003e\u003c/p\u003e\r\n\u003c/td\u003e\r\n\u003ctd\u003e\r\n\u003cp\u003e\u003cspan style=\"font-weight: 400;\"\u003eNatural\u003c/span\u003e\u003c/p\u003e\r\n\u003c/td\u003e\r\n\u003ctd\u003e\r\n\u003cp\u003e\u003cspan style=\"font-weight: 400;\"\u003eNuts Of Shea Tree\u003c/span\u003e\u003c/p\u003e\r\n\u003c/td\u003e\r\n\u003ctd\u003e\r\n\u003cp\u003e\u003cspan style=\"font-weight: 400;\"\u003eMoisturizing Agent\u003c/span\u003e\u003c/p\u003e\r\n\u003c/td\u003e\r\n\u003c/tr\u003e\r\n\u003ctr\u003e\r\n\u003ctd\u003e\r\n\u003cp\u003e\u003cspan style=\"font-weight: 400;\"\u003eCoconut Oil\u003c/span\u003e\u003c/p\u003e\r\n\u003c/td\u003e\r\n\u003ctd\u003e\r\n\u003cp\u003e\u003cspan style=\"font-weight: 400;\"\u003eNatural \u003c/span\u003e\u003c/p\u003e\r\n\u003c/td\u003e\r\n\u003ctd\u003e\r\n\u003cp\u003e\u003cspan style=\"font-weight: 400;\"\u003eCoconut\u003c/span\u003e\u003c/p\u003e\r\n\u003c/td\u003e\r\n\u003ctd\u003e\r\n\u003cp\u003e\u003cspan style=\"font-weight: 400;\"\u003eMoisture Retention Properties\u003c/span\u003e\u003c/p\u003e\r\n\u003c/td\u003e\r\n\u003c/tr\u003e\r\n\u003ctr\u003e\r\n\u003ctd\u003e\r\n\u003cp\u003e\u003cspan style=\"font-weight: 400;\"\u003eBlack Oats Extract\u003c/span\u003e\u003c/p\u003e\r\n\u003c/td\u003e\r\n\u003ctd\u003e\r\n\u003cp\u003e\u003cspan style=\"font-weight: 400;\"\u003eNatural\u003c/span\u003e\u003c/p\u003e\r\n\u003c/td\u003e\r\n\u003ctd\u003e\r\n\u003cp\u003e\u003cspan style=\"font-weight: 400;\"\u003ePlant-Based\u003c/span\u003e\u003c/p\u003e\r\n\u003c/td\u003e\r\n\u003ctd\u003e\u003cbr /\u003e\r\n\u003cp\u003e\u003cspan style=\"font-weight: 400;\"\u003eWater Retaining Agent\u003c/span\u003e\u003c/p\u003e\r\n\u003c/td\u003e\r\n\u003c/tr\u003e\r\n\u003ctr\u003e\r\n\u003ctd\u003e\u003cbr /\u003e\r\n\u003cp\u003e\u003cspan style=\"font-weight: 400;\"\u003eSoybean Extract\u003c/span\u003e\u003c/p\u003e\r\n\u003c/td\u003e\r\n\u003ctd\u003e\u003cbr /\u003e\r\n\u003cp\u003e\u003cspan style=\"font-weight: 400;\"\u003eNatural \u003c/span\u003e\u003c/p\u003e\r\n\u003c/td\u003e\r\n\u003ctd\u003e\u003cbr /\u003e\r\n\u003cp\u003e\u003cspan style=\"font-weight: 400;\"\u003ePlant-Based\u003c/span\u003e\u003c/p\u003e\r\n\u003c/td\u003e\r\n\u003ctd\u003e\u003cbr /\u003e\r\n\u003cp\u003e\u003cspan style=\"font-weight: 400;\"\u003eAntioxidant Properties\u003c/span\u003e\u003c/p\u003e\r\n\u003c/td\u003e\r\n\u003c/tr\u003e\r\n\u003ctr\u003e\r\n\u003ctd\u003e\u003cbr /\u003e\r\n\u003cp\u003e\u003cspan style=\"font-weight: 400;\"\u003ePotassium Sorbate\u003c/span\u003e\u003c/p\u003e\r\n\u003c/td\u003e\r\n\u003ctd\u003e\u003cbr /\u003e\r\n\u003cp\u003e\u003cspan style=\"font-weight: 400;\"\u003eSynthetic\u003c/span\u003e\u003c/p\u003e\r\n\u003c/td\u003e\r\n\u003ctd\u003e\u003cbr /\u003e\r\n\u003cp\u003e\u003cspan style=\"font-weight: 400;\"\u003eLab Synthesized \u003c/span\u003e\u003c/p\u003e\r\n\u003c/td\u003e\r\n\u003ctd\u003e\u003cbr /\u003e\r\n\u003cp\u003e\u003cspan style=\"font-weight: 400;\"\u003ePreservative\u003c/span\u003e\u003c/p\u003e\r\n\u003c/td\u003e\r\n\u003c/tr\u003e\r\n\u003ctr\u003e\r\n\u003ctd\u003e\u003cbr /\u003e\r\n\u003cp\u003e\u003cspan style=\"font-weight: 400;\"\u003eCetyl Palmitate\u003c/span\u003e\u003c/p\u003e\r\n\u003c/td\u003e\r\n\u003ctd\u003e\r\n\u003cp\u003e\u003cspan style=\"font-weight: 400;\"\u003eSynthetic\u003c/span\u003e\u003c/p\u003e\r\n\u003c/td\u003e\r\n\u003ctd\u003e\r\n\u003cp\u003e\u003cspan style=\"font-weight: 400;\"\u003eLab Synthesized\u003c/span\u003e\u003c/p\u003e\r\n\u003c/td\u003e\r\n\u003ctd\u003e\r\n\u003cp\u003e\u003cspan style=\"font-weight: 400;\"\u003eEmollient \u0026amp; Conditioning Agent\u003c/span\u003e\u003c/p\u003e\r\n\u003c/td\u003e\r\n\u003c/tr\u003e\r\n\u003ctr\u003e\r\n\u003ctd\u003e\u003cbr /\u003e\r\n\u003cp\u003e\u003cspan style=\"font-weight: 400;\"\u003eCetearyl Alcohol\u003c/span\u003e\u003c/p\u003e\r\n\u003c/td\u003e\r\n\u003ctd\u003e\r\n\u003cp\u003e\u003cspan style=\"font-weight: 400;\"\u003eSynthetic\u003c/span\u003e\u003c/p\u003e\r\n\u003c/td\u003e\r\n\u003ctd\u003e\r\n\u003cp\u003e\u003cspan style=\"font-weight: 400;\"\u003eLab Synthesized\u003c/span\u003e\u003c/p\u003e\r\n\u003c/td\u003e\r\n\u003ctd\u003e\r\n\u003cp\u003e\u003cspan style=\"font-weight: 400;\"\u003eStabilizing Agent\u003c/span\u003e\u003c/p\u003e\r\n\u003c/td\u003e\r\n\u003c/tr\u003e\r\n\u003ctr\u003e\r\n\u003ctd\u003e\u003cbr /\u003e\r\n\u003cp\u003e\u003cspan style=\"font-weight: 400;\"\u003eTitanium Dioxide\u003c/span\u003e\u003c/p\u003e\r\n\u003c/td\u003e\r\n\u003ctd\u003e\u003cbr /\u003e\r\n\u003cp\u003e\u003cspan style=\"font-weight: 400;\"\u003eNatural\u003c/span\u003e\u003c/p\u003e\r\n\u003c/td\u003e\r\n\u003ctd\u003e\u003cbr /\u003e\r\n\u003cp\u003e\u003cspan style=\"font-weight: 400;\"\u003eIlmenite Ore\u003c/span\u003e\u003c/p\u003e\r\n\u003c/td\u003e\r\n\u003ctd\u003e\u003cbr /\u003e\r\n\u003cp\u003e\u003cspan style=\"font-weight: 400;\"\u003eUV Filtering Agent\u003c/span\u003e\u003c/p\u003e\r\n\u003c/td\u003e\r\n\u003c/tr\u003e\r\n\u003ctr\u003e\r\n\u003ctd\u003e\u003cbr /\u003e\r\n\u003cp\u003e\u003cspan style=\"font-weight: 400;\"\u003eHydroxyethyl Urea\u003c/span\u003e\u003c/p\u003e\r\n\u003c/td\u003e\r\n\u003ctd\u003e\u003cbr /\u003e\r\n\u003cp\u003e\u003cspan style=\"font-weight: 400;\"\u003eSynthetic\u003c/span\u003e\u003c/p\u003e\r\n\u003c/td\u003e\r\n\u003ctd\u003e\u003cbr /\u003e\r\n\u003cp\u003e\u003cspan style=\"font-weight: 400;\"\u003eLab Synthesized\u003c/span\u003e\u003c/p\u003e\r\n\u003c/td\u003e\r\n\u003ctd\u003e\u003cbr /\u003e\r\n\u003cp\u003e\u003cspan style=\"font-weight: 400;\"\u003eMoisturizing Agent\u003c/span\u003e\u003c/p\u003e\r\n\u003c/td\u003e\r\n\u003c/tr\u003e\r\n\u003ctr\u003e\r\n\u003ctd\u003e\u003cbr /\u003e\r\n\u003cp\u003e\u003cspan style=\"font-weight: 400;\"\u003ePhenoxyethanol\u003c/span\u003e\u003c/p\u003e\r\n\u003c/td\u003e\r\n\u003ctd\u003e\u003cbr /\u003e\r\n\u003cp\u003e\u003cspan style=\"font-weight: 400;\"\u003eNatural \u003c/span\u003e\u003c/p\u003e\r\n\u003c/td\u003e\r\n\u003ctd\u003e\u003cbr /\u003e\r\n\u003cp\u003e\u003cspan style=\"font-weight: 400;\"\u003eGreen Tea\u003c/span\u003e\u003c/p\u003e\r\n\u003c/td\u003e\r\n\u003ctd\u003e\u003cbr /\u003e\r\n\u003cp\u003e\u003cspan style=\"font-weight: 400;\"\u003ePreservative\u003c/span\u003e\u003c/p\u003e\r\n\u003c/td\u003e\r\n\u003c/tr\u003e\r\n\u003ctr\u003e\r\n\u003ctd\u003e\u003cbr /\u003e\r\n\u003cp\u003e\u003cspan style=\"font-weight: 400;\"\u003eEthylhexylglycerin\u003c/span\u003e\u003c/p\u003e\r\n\u003c/td\u003e\r\n\u003ctd\u003e\u003cbr /\u003e\r\n\u003cp\u003e\u003cspan style=\"font-weight: 400;\"\u003eSynthetic\u003c/span\u003e\u003c/p\u003e\r\n\u003c/td\u003e\r\n\u003ctd\u003e\u003cbr /\u003e\r\n\u003cp\u003e\u003cspan style=\"font-weight: 400;\"\u003eVegetable Glycerin\u003c/span\u003e\u003c/p\u003e\r\n\u003c/td\u003e\r\n\u003ctd\u003e\u003cbr /\u003e\r\n\u003cp\u003e\u003cspan style=\"font-weight: 400;\"\u003ePreservative \u0026amp; Skin Conditioning Agent\u003c/span\u003e\u003c/p\u003e\r\n\u003c/td\u003e\r\n\u003c/tr\u003e\r\n\u003ctr\u003e\r\n\u003ctd\u003e\u003cbr /\u003e\r\n\u003cp\u003e\u003cspan style=\"font-weight: 400;\"\u003eCalendula Officinalis Flower Extract\u003c/span\u003e\u003c/p\u003e\r\n\u003c/td\u003e\r\n\u003ctd\u003e\u003cbr /\u003e\r\n\u003cp\u003e\u003cspan style=\"font-weight: 400;\"\u003eNatural\u003c/span\u003e\u003c/p\u003e\r\n\u003c/td\u003e\r\n\u003ctd\u003e\u003cbr /\u003e\r\n\u003cp\u003e\u003cspan style=\"font-weight: 400;\"\u003ePlant-Based\u003c/span\u003e\u003c/p\u003e\r\n\u003c/td\u003e\r\n\u003ctd\u003e\u003cbr /\u003e\r\n\u003cp\u003e\u003cspan style=\"font-weight: 400;\"\u003eHydrating \u0026amp; Soothing Properties\u003c/span\u003e\u003c/p\u003e\r\n\u003c/td\u003e\r\n\u003c/tr\u003e\r\n\u003ctr\u003e\r\n\u003ctd\u003e\u003cbr /\u003e\r\n\u003cp\u003e\u003cspan style=\"font-weight: 400;\"\u003eXanthan Gum\u003c/span\u003e\u003c/p\u003e\r\n\u003c/td\u003e\r\n\u003ctd\u003e\u003cbr /\u003e\r\n\u003cp\u003e\u003cspan style=\"font-weight: 400;\"\u003eNatural\u003c/span\u003e\u003c/p\u003e\r\n\u003c/td\u003e\r\n\u003ctd\u003e\u003cbr /\u003e\r\n\u003cp\u003e\u003cspan style=\"font-weight: 400;\"\u003ePlant-Based\u003c/span\u003e\u003c/p\u003e\r\n\u003c/td\u003e\r\n\u003ctd\u003e\r\n\u003cp\u003e\u003cspan style=\"font-weight: 400;\"\u003eThickener \u0026amp; Emulsifying Agent\u003c/span\u003e\u003c/p\u003e\r\n\u003c/td\u003e\r\n\u003c/tr\u003e\r\n\u003ctr\u003e\r\n\u003ctd\u003e\u003cbr /\u003e\r\n\u003cp\u003e\u003cspan style=\"font-weight: 400;\"\u003eTocopheryl Acetate\u003c/span\u003e\u003c/p\u003e\r\n\u003c/td\u003e\r\n\u003ctd\u003e\u003cbr /\u003e\r\n\u003cp\u003e\u003cspan style=\"font-weight: 400;\"\u003eSynthetic\u003c/span\u003e\u003c/p\u003e\r\n\u003c/td\u003e\r\n\u003ctd\u003e\u003cbr /\u003e\r\n\u003cp\u003e\u003cspan style=\"font-weight: 400;\"\u003eLab Synthesized\u003c/span\u003e\u003c/p\u003e\r\n\u003c/td\u003e\r\n\u003ctd\u003e\r\n\u003cp\u003e\u003cspan style=\"font-weight: 400;\"\u003eHealing \u0026amp; Moisturizing Agent\u003c/span\u003e\u003c/p\u003e\r\n\u003c/td\u003e\r\n\u003c/tr\u003e\r\n\u003ctr\u003e\r\n\u003ctd\u003e\u003cbr /\u003e\r\n\u003cp\u003e\u003cspan style=\"font-weight: 400;\"\u003eHydrolyzed Milk Protein\u003c/span\u003e\u003c/p\u003e\r\n\u003c/td\u003e\r\n\u003ctd\u003e\u003cbr /\u003e\r\n\u003cp\u003e\u003cspan style=\"font-weight: 400;\"\u003eNatural\u003c/span\u003e\u003c/p\u003e\r\n\u003c/td\u003e\r\n\u003ctd\u003e\u003cbr /\u003e\r\n\u003cp\u003e\u003cspan style=\"font-weight: 400;\"\u003eMilk\u003c/span\u003e\u003c/p\u003e\r\n\u003c/td\u003e\r\n\u003ctd\u003e\u003cbr /\u003e\r\n\u003cp\u003e\u003cspan style=\"font-weight: 400;\"\u003eHydrating \u0026amp; Conditioning Agent\u003c/span\u003e\u003c/p\u003e\r\n\u003c/td\u003e\r\n\u003c/tr\u003e\r\n\u003ctr\u003e\r\n\u003ctd\u003e\u003cbr /\u003e\r\n\u003cp\u003e\u003cspan style=\"font-weight: 400;\"\u003eOat Extract\u003c/span\u003e\u003c/p\u003e\r\n\u003c/td\u003e\r\n\u003ctd\u003e\r\n\u003cp\u003e\u003cspan style=\"font-weight: 400;\"\u003eNatural\u003c/span\u003e\u003c/p\u003e\r\n\u003c/td\u003e\r\n\u003ctd\u003e\r\n\u003cp\u003e\u003cspan style=\"font-weight: 400;\"\u003ePlant-Based\u003c/span\u003e\u003c/p\u003e\r\n\u003c/td\u003e\r\n\u003ctd\u003e\r\n\u003cp\u003e\u003cspan style=\"font-weight: 400;\"\u003eHydrating \u0026amp; Soothing Properties\u003c/span\u003e\u003c/p\u003e\r\n\u003c/td\u003e\r\n\u003c/tr\u003e\r\n\u003ctr\u003e\r\n\u003ctd\u003e\u003cbr /\u003e\r\n\u003cp\u003e\u003cspan style=\"font-weight: 400;\"\u003eDisodium EDTA\u003c/span\u003e\u003c/p\u003e\r\n\u003c/td\u003e\r\n\u003ctd\u003e\u003cbr /\u003e\r\n\u003cp\u003e\u003cspan style=\"font-weight: 400;\"\u003eSynthetic\u003c/span\u003e\u003c/p\u003e\r\n\u003c/td\u003e\r\n\u003ctd\u003e\r\n\u003cp\u003e\u003cspan style=\"font-weight: 400;\"\u003eLab Synthesized\u003c/span\u003e\u003c/p\u003e\r\n\u003c/td\u003e\r\n\u003ctd\u003e\r\n\u003cp\u003e\u003cspan style=\"font-weight: 400;\"\u003eFoaming Agent\u003c/span\u003e\u003c/p\u003e\r\n\u003c/td\u003e\r\n\u003c/tr\u003e\r\n\u003ctr\u003e\r\n\u003ctd\u003e\u003cbr /\u003e\r\n\u003cp\u003e\u003cspan style=\"font-weight: 400;\"\u003ePentaerythrityl Tetra- di-t-butyl Hydroxyhydrocinnamate\u003c/span\u003e\u003c/p\u003e\r\n\u003c/td\u003e\r\n\u003ctd\u003e\r\n\u003cp\u003e\u003cspan style=\"font-weight: 400;\"\u003eSynthetic\u003c/span\u003e\u003c/p\u003e\r\n\u003c/td\u003e\r\n\u003ctd\u003e\r\n\u003cp\u003e\u003cspan style=\"font-weight: 400;\"\u003eLab Synthesized\u003c/span\u003e\u003c/p\u003e\r\n\u003c/td\u003e\r\n\u003ctd\u003e\r\n\u003cp\u003e\u003cspan style=\"font-weight: 400;\"\u003eStabilizer \u0026amp; Antioxidant\u003c/span\u003e\u003c/p\u003e\r\n\u003c/td\u003e\r\n\u003c/tr\u003e\r\n\u003ctr\u003e\r\n\u003ctd\u003e\u003cbr /\u003e\r\n\u003cp\u003e\u003cspan style=\"font-weight: 400;\"\u003eCitric Acid\u003c/span\u003e\u003c/p\u003e\r\n\u003c/td\u003e\r\n\u003ctd\u003e\r\n\u003cp\u003e\u003cspan style=\"font-weight: 400;\"\u003eNatural\u003c/span\u003e\u003c/p\u003e\r\n\u003c/td\u003e\r\n\u003ctd\u003e\r\n\u003cp\u003e\u003cspan style=\"font-weight: 400;\"\u003ePlant-Based\u003c/span\u003e\u003c/p\u003e\r\n\u003c/td\u003e\r\n\u003ctd\u003e\r\n\u003cp\u003e\u003cspan style=\"font-weight: 400;\"\u003eExfoliating \u0026amp; Skin Brightening Agent\u003c/span\u003e\u003c/p\u003e\r\n\u003c/td\u003e\r\n\u003c/tr\u003e\r\n\u003ctr\u003e\r\n\u003ctd\u003e\u003cbr /\u003e\r\n\u003cp\u003e\u003cspan style=\"font-weight: 400;\"\u003eIFRA Certified Allergen Free Fragrance\u003c/span\u003e\u003c/p\u003e\r\n\u003c/td\u003e\r\n\u003ctd\u003e\u003cbr /\u003e\r\n\u003cp\u003e\u003cspan style=\"font-weight: 400;\"\u003eSynthetic\u003c/span\u003e\u003c/p\u003e\r\n\u003c/td\u003e\r\n\u003ctd\u003e\u003cbr /\u003e\r\n\u003cp\u003e\u003cspan style=\"font-weight: 400;\"\u003eLab Synthesized\u003c/span\u003e\u003c/p\u003e\r\n\u003c/td\u003e\r\n\u003ctd\u003e\u003cbr /\u003e\r\n\u003cp\u003e\u003cspan style=\"font-weight: 400;\"\u003eFragrance\u003c/span\u003e\u003c/p\u003e\r\n\u003c/td\u003e\r\n\u003c/tr\u003e\r\n\u003c/tbody\u003e\r\n\u003c/table\u003e"},{"attribute_code":"attribute_value_7","value":"\u003cdiv id=\"faqs\"\u003e\r\n\u003cp\u003eCan we use Mamaearth Milky Soft Body Lotion on Face?\u003c/p\u003e\r\n\u003cp\u003eYes. You can use Mamaearth Milky Body Lotion on Face also. Made of natural and toxin-free ingredients, it is safe for regular usage for babies and for kids too.\u003c/p\u003e\r\n\u003cp\u003eIs Mamaearth Milky Soft Body Lotion safe?\u003c/p\u003e\r\n\u003cp\u003eYes. Clinically tested, Mamaearth Baby Soft Lotion is safe for use. It is specially formulated with natural ingredients like shea butter, oats, milk protein, and calendula that remain gentle on the baby’s sensitive skin. But we always recommend a patch test before using it.\u003c/p\u003e\r\n\u003cp\u003eWhat are the benefits of Milky Soft Baby Body Lotion?\u003c/p\u003e\r\n\u003cp\u003eMamaearth Oat, Milk, and Calendula Lotion for kids locks in essential moisture to the skin, soothes skin irritation and dryness, and leaves it soft and supple. It is made of gentle and nourishing ingredients that provide long-lasting moisturization for dry skin, even for kids and babies.\u003c/p\u003e\r\n\u003cp\u003eCan I use this Lotion in the summer season?\u003c/p\u003e\r\n\u003cp\u003eYes. You can use Milky Soft Body Lotion for babies in the summer season.\u003c/p\u003e\r\n\u003cp\u003eCan it be used for newborn babies?\u003c/p\u003e\r\n\u003cp\u003eYes. You can use this body milk lotion for newborns as well as older kids.\u003c/p\u003e\r\n\u003cp\u003eCan I use it for a 4-years old kid?\u003c/p\u003e\r\n\u003cp\u003eYes. You can use it for a 4-year old kid as well.\u003c/p\u003e\r\n\u003cp\u003eIs Mamaearth Baby Body Lotion easy to use?\u003c/p\u003e\r\n\u003cp\u003eYes. All you need to do is take a little amount of body lotion on your palm. Apply it all over the baby’s body and massage well. For best results, use at least twice a day, especially after bathing.\u003c/p\u003e\r\n\u003cp\u003eWill this make my baby’s skin dry/oily?\u003c/p\u003e\r\n\u003cp\u003eNo. This baby body lotion for winter gently moisturizes the skin without making it too oily or dry. It offers deep nourishment and provides 24 hour moisturization, thus making the skin soft and supple.\u003c/p\u003e\r\n\u003cp\u003eDoes this remove skin tan?\u003c/p\u003e\r\n\u003cp\u003eNo. This Baby Body Lotion does not help with a suntan. You can use Mamaearth’s Mineral Based Sunscreen for long-lasting sun protection.\u003c/p\u003e\r\n\u003cp\u003eMy Child Has Sensitive Skin. Is It Safe to Apply This Lotion On Them?\u003c/p\u003e\r\n\u003cp\u003eYes, our Milky Soft Body lotion is safe for sensitive skin, but we always recommend a patch test.\u003c/p\u003e\r\n\u003cp\u003eHow Often Can I Use This?\u003c/p\u003e\r\n\u003cp\u003eYou can use this body lotion as often as needed, especially after bathing your baby.\u003c/p\u003e\r\n\u003cp\u003eCan Adults Use This Body Lotion?\u003c/p\u003e\r\n\u003cp\u003eYes, all our baby products can be used by adults.\u003c/p\u003e\r\n\u003cp\u003eIs This Body Lotion Tested on Animals?\u003c/p\u003e\r\n\u003cp\u003eNo. None of our products are tested on animals. They are certified cruelty-free by PETA.\u003c/p\u003e\r\n\u003cp\u003eHow to use baby body lotion?\u003c/p\u003e\r\n\u003cp\u003eA baby body Lotion is a daily skincare essential for your little one. It keeps your baby’s skin healthy and moisturized by adding intense care and sufficient nourishment from skin-benefiting ingredients. To use it, take out only a coin-sized amount of baby body lotion on your palm and apply it all over your baby’s body, massaging gently until fully absorbed. For best results, you may use it as often as needed, especially after bathing.\u003c/p\u003e\r\n\u003cp\u003eIs it OK to put lotion on baby?\u003c/p\u003e\r\n\u003cp\u003eBabies have sensitive skin prone to dryness. So, it is generally safe to use lotion depending on their unique skin needs. However, it is important to use a lotion that is safe, toxin-free, and specifically meant for their skin type. It should be natural and enriched with skin-nourishing ingredients to offer immense care to your munchkin’s delicate skin. In this light, we recommend you opt for Mamaearth Milky Soft Body Lotion for Babies. It has the innate goodness of Oats, Calendula, Shea Butter, and Milk Protein to help deeply nourish your baby’s skin and provide 24-hour moisturization. The best part? It is toxin-free and MadeSafe Certified to suit your baby’s skincare needs.\u003c/p\u003e\r\n\u003cp\u003eWhen we have to apply baby body lotion to baby?\u003c/p\u003e\r\n\u003cp\u003eA baby body lotion specifically nourishes babies’s soft and gentle skin. So, it can be applied whenever the skin feels dry or itchy. It is best to use it after bathing your little one to ensure sufficient skin moisturization and then repeat as needed.\u003c/p\u003e\r\n\u003cp\u003eHow much body lotion should i use on my baby?\u003c/p\u003e\r\n\u003cp\u003eDoctors recommend starting with using a coin-sized amount of baby body lotion on your baby’s skin and then taking a little more if required. That said, every baby’s skin is different and so the requirement may vary accordingly.\u003c/p\u003e\r\n\u003c/div\u003e"},{"attribute_code":"bestseller","value":"Bestseller"},{"attribute_code":"tag_keywords","value":"Baby Care, Natural, Gentle, Safe, Moisturizing, Nourishing, Soothing, Hydrating, Cruelty-Free, PETA Certified, \r\nToxin-Free, No Harmful Chemicals"},{"attribute_code":"special_from_date","value":"2024-05-10 10:59:00"}],"hide_in_front":0,"image":"/1/_/1_99.jpg","is_in_stock":true,"name":"Milky Soft Body Lotion for Babies with Oats, Milk and Calendula - 400ml","position":"1","price":"499.00","product_card_tags":"Deeply Nourishes Skin | 24-Hour Moisturization","review_count":130,"sku":"8906087776123","special_price":"","special_price_from_date":{"date":"2024-05-10 16:29:00","timezone_type":3,"timezone":"Asia/Kolkata"},"tags":"best-seller","url_key":"milky-soft-body-lotion-for-babies-with-oats-milk-calendula-400ml","imageAltTags":[],"product_subtitle_keys":["Buy 1 Get 1 FREE"," Moisturizing"," Body lotion"],"configurable_option":{"attribute_id":350,"option_id":539,"attribute_label":"Baby_Milky_Soft_Body_Lotion","title":"400ml","swatch_data":{"swatch_id":784,"option_id":539,"store_id":1,"type":0,"value":"400ml"}},"siblings":[{"id":1555,"sku":"8904417320008","name":"Milky Soft Body Lotion for Babies with Oats, Milk \u0026 Calendula – 200ml","url_key":"milky-soft-body-lotion-for-babies-with-oats-milk-calendula-200ml","price":"249.00","is_in_stock":true,"custom_attributes":[{"attribute_code":"saving_scheme","value":"price_per_100_ml"},{"attribute_code":"volume","value":"200"}],"special_price":"","parent_id":1606,"attribute_id":350,"option_id":538,"parent_sku":"3456789923389","attribute_label":"Baby_Milky_Soft_Body_Lotion","title":"200ml","swatch_data":{"swatch_id":782,"option_id":538,"store_id":1,"type":0,"value":"200ml"},"special_from_date":{"date":"2025-03-12 05:30:00","timezone_type":3,"timezone":"Asia/Kolkata"}}],"size":"400ml","unitPrice":"1.25/ml","old_productid":"460","generic_name":null},{"id":376,"tier_prices":[],"avg_rating_percent":97,"categories":[2,9,17,5,186,6,11,396,15,379],"created_at":"2021-06-25 05:29:15","custom_attributes":[{"attribute_code":"manufacturer","value":"Nulyf India,  Plot no-78, STICE, Musalgaon, Sinnar, Nashik-422112"},{"attribute_code":"meta_title","value":"Mamaearth Milky Soft Body Wash with Oats \u0026 Milk -400ml"},{"attribute_code":"meta_description","value":"Buy Milky Soft Body Wash with Oats, Milk and Calendula - 400 ml Online at Rs.399 only on Mamaearth, Free Delivery and COD available"},{"attribute_code":"image","value":"/1/_/1_96.jpg"},{"attribute_code":"small_image","value":"/1/_/1_96.jpg"},{"attribute_code":"thumbnail","value":"/1/_/1_96.jpg"},{"attribute_code":"options_container","value":"container2"},{"attribute_code":"small_image_label","value":"Milky Soft Body Wash for Babies"},{"attribute_code":"thumbnail_label","value":"Milky Soft Body Wash for Babies"},{"attribute_code":"country_of_manufacture","value":"IN"},{"attribute_code":"url_key","value":"milky-soft-body-wash-for-babies-with-oats-milk-and-calendula-400-ml"},{"attribute_code":"msrp_display_actual_price_type","value":"0"},{"attribute_code":"gift_message_available","value":"2"},{"attribute_code":"swatch_image","value":"/1/_/1_96.jpg"},{"attribute_code":"attribute_label_1","value":"Results of Mamaearth Milky Soft Body Wash for Babies "},{"attribute_code":"attribute_label_2","value":"Key Ingredients"},{"attribute_code":"attribute_label_3","value":"How to Use"},{"attribute_code":"attribute_label_4","value":"Who can Use"},{"attribute_code":"attribute_label_6","value":"Ingredient List"},{"attribute_code":"attribute_label_7","value":"FAQs"},{"attribute_code":"best_before","value":"24 Months"},{"attribute_code":"dimensions","value":"10 * 5 * 5 cm"},{"attribute_code":"mrp","value":"499"},{"attribute_code":"old_productid","value":"478"},{"attribute_code":"tags","value":"Trending"},{"attribute_code":"marketed_by","value":"Honasa Consumer Limited, 10th and 11th Floor, Capital Cyberscape, Sector 59, Gurugram, Haryana, 122101"},{"attribute_code":"live_url","value":"https://mamaearth.in/product/milky-soft-body-wash-for-babies-with-oats-milk-and-calendula-400-ml"},{"attribute_code":"license_no","value":"MH/103434A"},{"attribute_code":"length","value":"10"},{"attribute_code":"google_category","value":"4678"},{"attribute_code":"cms_sequence","value":"1,2,3,4,5,6,7,8"},{"attribute_code":"width","value":"5"},{"attribute_code":"height","value":"5"},{"attribute_code":"breadcrumb_category","value":"6","title":"Baby Care Products","url_key":"for-babies"},{"attribute_code":"custom_product_type","value":"ba_skin"},{"attribute_code":"brand","value":"4"},{"attribute_code":"product_card_tags","value":"Tear-Free Formula | Gently Cleanses Skin"},{"attribute_code":"saving_scheme","value":"price_per_100_ml"},{"attribute_code":"product_subtitle_keys","value":"Buy 1 Get 1 FREE"},{"attribute_code":"is_suitable_for_skin_type","value":"463","label":"sensitive"},{"attribute_code":"skin_goals","value":"471,467","label":"cleansing, moisturization"},{"attribute_code":"tax_class_id","value":"2"},{"attribute_code":"create_scarcity","value":"0"},{"attribute_code":"hide_product_infront","value":"0"},{"attribute_code":"show_in_feed","value":"1"},{"attribute_code":"base_category","value":"84"},{"attribute_code":"base_sub_category","value":"43"},{"attribute_code":"show_price_per_unit","value":"1"},{"attribute_code":"volume","value":"400"},{"attribute_code":"enable_fbt_popup","value":"0"},{"attribute_code":"enable_product_for_wa_commerce","value":"0"},{"attribute_code":"strikethrough","value":"1"},{"attribute_code":"meta_keyword","value":"Baby Care, Natural, Sensitive, Body Wash, Natural Body Wash, Milky Body Wash, Gentle, Safe, Moisturizing, Nourishing, Cleansing, Cruelty-Free, PETA Certified, Toxin-Free, Soothing, No Harmful Chemicals"},{"attribute_code":"short_description","value":"\u003cp\u003eHi! I am Mamaearth Milky Soft Body Wash for Babies. I am crafted with nature’s goodness and am extremely gentle on your little one. I will not irritate their eyes or their baby-soft sensitive skin.  Made with natural moisturizers, I gently cleanse, hydrate, and nourish your baby’s delicate skin without stripping it of its moisture.\u003cbr/\u003e Infused with the goodness of natural ingredients like Oats, Milk and Calendula, I gently cleanse, reduce allergic infections and maintain the right pH balance and moisture content. I am also MadeSafe Certified, pH balanced, toxin-free, and Allergy Certified. Give your baby a milky bathing experience with me!\u003cbr/\u003e And because of our no toxins and no harmful chemicals philosophy, you won’t find any Silicones, Parabens, mineral oil \u0026 dyes in me.\u003c/p\u003e\r\n"},{"attribute_code":"attribute_value_1","value":"\u003cdiv class=\"list-banner\"\u003e\r\n  \u003cimg\r\n    src=\"https://images.mamaearth.in/wysiwyg/Aplus-Listing/milky-body-wash.jpg\"\r\n    alt=\"Milky Soft Body Wash for Babies with Oats, Milk and Calendula - 400 ml\"/\u003e\r\n  \u003cp style=\"text-align: center\"\u003eMilky Soft Body Wash for Babies with Oats, Milk and Calendula - 400 ml\u003c/p\u003e\r\n\u003c/div\u003e\r\n"},{"attribute_code":"attribute_value_2","value":"\u003cul class=\"woodmart-list\"\u003e\r\n\u003cli\u003e\r\n\u003cdiv class=\"list-icon\"\u003e\u003cimg src=\"https://images.mamaearth.in/wysiwyg/Oats.jpg\" alt=\"Mamaearth baby body wash with oats\" /\u003e\u003c/div\u003e\r\n\u003cspan class=\"list-content\" style=\"text-align: justify;\"\u003e\u003cstrong\u003eOats: \u003c/strong\u003eIt has anti-inflammatory properties which help soothe the baby's skin. It also helps maintain moisture, and hydrates the skin. \u003c/span\u003e\u003c/li\u003e\r\n\u003cli\u003e\r\n\u003cdiv class=\"list-icon\"\u003e\u003cimg src=\"https://images.mamaearth.in/wysiwyg/Milk_HFD6fkI.jpg\" alt=\"Mamaearth Milky Soft Body Wash with Milk Protein\" /\u003e\u003c/div\u003e\r\n\u003cspan class=\"list-content\" style=\"text-align: justify;\"\u003e\u003cstrong\u003eMilk Protein: \u003c/strong\u003e It keeps skin hydrated and keeps the moisture content intact. It also reduces allergic infections like rashes.\u003c/span\u003e\u003c/li\u003e\r\n\u003cli\u003e\r\n\u003cdiv class=\"list-icon\"\u003e\u003cimg src=\"https://images.mamaearth.in/wysiwyg/Calendula.jpg\" alt=\"Baby Body Wash with Calendula\" /\u003e\u003c/div\u003e\r\n\u003cspan class=\"list-content\" style=\"text-align: justify;\"\u003e\u003cstrong\u003eCalendula: \u003c/strong\u003e It is rich in Vitamin E \u0026amp; amino acids, which deeply nourishes the skin. It also has anti-fungal, antioxidant \u0026amp; anti-inflammatory benefits. \u003c/span\u003e\u003c/li\u003e\r\n\u003cli\u003e\r\n\u003cdiv class=\"list-icon\"\u003e\u003cimg src=\"https://images.mamaearth.in/wysiwyg/Citric-Acid.jpg\" alt=\"Mamaearth Baby Body Wash with Citric Acid\" /\u003e\u003c/div\u003e\r\n\u003cspan class=\"list-content\" style=\"text-align: justify;\"\u003e\u003cstrong\u003eCitric Acid: \u003c/strong\u003e It helps cleans the skin properly but gently. It also helps in maintaining the optimum pH level of the skin. \u003c/span\u003e\u003c/li\u003e\r\n\u003cli\u003e \u003c/li\u003e\r\n\u003c/ul\u003e"},{"attribute_code":"attribute_value_3","value":"\u003cul\u003e\r\n\u003cli\u003e\u003cspan class=\"list-content\"\u003e\u003cstrong\u003eStep 1 : \u003c/strong\u003ePump out a coin-sized amount of body wash on your hand \u003c/span\u003e\u003c/li\u003e\r\n\u003cli\u003e\u003cspan class=\"list-content\"\u003e\u003cstrong\u003eStep 2 : \u003c/strong\u003eGently rub it on your baby’s wet body, working into a lather\u003c/span\u003e\u003c/li\u003e\r\n\u003cli\u003e\u003cspan class=\"list-content\"\u003e\u003cstrong\u003eStep 3 : \u003c/strong\u003eRinse off with water and towel dry\u003c/span\u003e\u003c/li\u003e\r\n\u003c/ul\u003e"},{"attribute_code":"attribute_value_4","value":"\u003cul style=\"list-style: disc; padding-left: 1em;\"\u003e\r\n\u003cli\u003e\u003cspan class=\"list-content\"\u003eSuitable for newborn babies as well as older kids\u003c/span\u003e\u003c/li\u003e\r\n\u003cli\u003e\u003cspan class=\"list-content\"\u003eSuitable for all skin types\t\u003c/span\u003e\u003c/li\u003e\r\n\u003c/ul\u003e"},{"attribute_code":"attribute_value_6","value":"\u003ctable\u003e\r\n\u003ctbody\u003e\r\n\u003ctr\u003e\r\n\u003ctd\u003e\r\n\u003cp\u003e\u003cstrong\u003eIngredient\u003c/strong\u003e\u003c/p\u003e\r\n\u003c/td\u003e\r\n\u003ctd\u003e\r\n\u003cp\u003e\u003cstrong\u003eType\u003c/strong\u003e\u003c/p\u003e\r\n\u003c/td\u003e\r\n\u003ctd\u003e\r\n\u003cp\u003e\u003cstrong\u003eWhere Is It From?\u003c/strong\u003e\u003c/p\u003e\r\n\u003c/td\u003e\r\n\u003ctd\u003e\r\n\u003cp\u003e\u003cstrong\u003eWhat Does It Do?\u003c/strong\u003e\u003c/p\u003e\r\n\u003c/td\u003e\r\n\u003c/tr\u003e\r\n\u003ctr\u003e\r\n\u003ctd\u003e\r\n\u003cp\u003e\u003cspan style=\"font-weight: 400;\"\u003eAqua\u003c/span\u003e\u003c/p\u003e\r\n\u003c/td\u003e\r\n\u003ctd\u003e\r\n\u003cp\u003e\u003cspan style=\"font-weight: 400;\"\u003eNatural\u003c/span\u003e\u003c/p\u003e\r\n\u003c/td\u003e\r\n\u003ctd\u003e\r\n\u003cp\u003e\u003cspan style=\"font-weight: 400;\"\u003eWater\u003c/span\u003e\u003c/p\u003e\r\n\u003c/td\u003e\r\n\u003ctd\u003e\r\n\u003cp\u003e\u003cspan style=\"font-weight: 400;\"\u003eDilutant\u003c/span\u003e\u003c/p\u003e\r\n\u003c/td\u003e\r\n\u003c/tr\u003e\r\n\u003ctr\u003e\r\n\u003ctd\u003e\r\n\u003cp\u003e\u003cspan style=\"font-weight: 400;\"\u003eCocamidopropyl Betaine\u003c/span\u003e\u003c/p\u003e\r\n\u003c/td\u003e\r\n\u003ctd\u003e\r\n\u003cp\u003e\u003cspan style=\"font-weight: 400;\"\u003eNatural\u003c/span\u003e\u003c/p\u003e\r\n\u003c/td\u003e\r\n\u003ctd\u003e\r\n\u003cp\u003e\u003cspan style=\"font-weight: 400;\"\u003ePlant-Based\u003c/span\u003e\u003c/p\u003e\r\n\u003c/td\u003e\r\n\u003ctd\u003e\r\n\u003cp\u003e\u003cspan style=\"font-weight: 400;\"\u003eEmulsifying \u0026amp; Thickening Agent\u003c/span\u003e\u003c/p\u003e\r\n\u003c/td\u003e\r\n\u003c/tr\u003e\r\n\u003ctr\u003e\r\n\u003ctd\u003e\r\n\u003cp\u003e\u003cspan style=\"font-weight: 400;\"\u003eLauryl Glucoside\u003c/span\u003e\u003c/p\u003e\r\n\u003c/td\u003e\r\n\u003ctd\u003e\r\n\u003cp\u003e\u003cspan style=\"font-weight: 400;\"\u003eNatural\u003c/span\u003e\u003c/p\u003e\r\n\u003c/td\u003e\r\n\u003ctd\u003e\r\n\u003cp\u003e\u003cspan style=\"font-weight: 400;\"\u003ePlant-Based\u003c/span\u003e\u003c/p\u003e\r\n\u003c/td\u003e\r\n\u003ctd\u003e\r\n\u003cp\u003e\u003cspan style=\"font-weight: 400;\"\u003eSurfactant\u003c/span\u003e\u003c/p\u003e\r\n\u003c/td\u003e\r\n\u003c/tr\u003e\r\n\u003ctr\u003e\r\n\u003ctd\u003e\r\n\u003cp\u003e\u003cspan style=\"font-weight: 400;\"\u003eCoco-Glucoside\u003c/span\u003e\u003c/p\u003e\r\n\u003c/td\u003e\r\n\u003ctd\u003e\r\n\u003cp\u003e\u003cspan style=\"font-weight: 400;\"\u003eNatural\u003c/span\u003e\u003c/p\u003e\r\n\u003c/td\u003e\r\n\u003ctd\u003e\r\n\u003cp\u003e\u003cspan style=\"font-weight: 400;\"\u003ePlant-Based\u003c/span\u003e\u003c/p\u003e\r\n\u003c/td\u003e\r\n\u003ctd\u003e\r\n\u003cp\u003e\u003cspan style=\"font-weight: 400;\"\u003eSurfactant\u003c/span\u003e\u003c/p\u003e\r\n\u003c/td\u003e\r\n\u003c/tr\u003e\r\n\u003ctr\u003e\r\n\u003ctd\u003e\r\n\u003cp\u003e\u003cspan style=\"font-weight: 400;\"\u003eSodium Cocoyl Isethionate\u003c/span\u003e\u003c/p\u003e\r\n\u003c/td\u003e\r\n\u003ctd\u003e\r\n\u003cp\u003e\u003cspan style=\"font-weight: 400;\"\u003eNatural\u003c/span\u003e\u003c/p\u003e\r\n\u003c/td\u003e\r\n\u003ctd\u003e\r\n\u003cp\u003e\u003cspan style=\"font-weight: 400;\"\u003eCoconut\u003c/span\u003e\u003c/p\u003e\r\n\u003c/td\u003e\r\n\u003ctd\u003e\r\n\u003cp\u003e\u003cspan style=\"font-weight: 400;\"\u003eMoisturizing Agent\u003c/span\u003e\u003c/p\u003e\r\n\u003c/td\u003e\r\n\u003c/tr\u003e\r\n\u003ctr\u003e\r\n\u003ctd\u003e\r\n\u003cp\u003e\u003cspan style=\"font-weight: 400;\"\u003eAcrylates Copolymer\u003c/span\u003e\u003c/p\u003e\r\n\u003c/td\u003e\r\n\u003ctd\u003e\r\n\u003cp\u003e\u003cspan style=\"font-weight: 400;\"\u003eSynthetic\u003c/span\u003e\u003c/p\u003e\r\n\u003c/td\u003e\r\n\u003ctd\u003e\r\n\u003cp\u003e\u003cspan style=\"font-weight: 400;\"\u003eLab Synthesized\u003c/span\u003e\u003c/p\u003e\r\n\u003c/td\u003e\r\n\u003ctd\u003e\r\n\u003cp\u003e\u003cspan style=\"font-weight: 400;\"\u003eTexture Enhancer, Binder, \u0026amp; Film-Forming Agent\u003c/span\u003e\u003c/p\u003e\r\n\u003c/td\u003e\r\n\u003c/tr\u003e\r\n\u003ctr\u003e\r\n\u003ctd\u003e\r\n\u003cp\u003e\u003cspan style=\"font-weight: 400;\"\u003eGlycol Distearate\u003c/span\u003e\u003c/p\u003e\r\n\u003c/td\u003e\r\n\u003ctd\u003e\r\n\u003cp\u003e\u003cspan style=\"font-weight: 400;\"\u003eSynthetic \u003c/span\u003e\u003c/p\u003e\r\n\u003c/td\u003e\r\n\u003ctd\u003e\r\n\u003cp\u003e\u003cspan style=\"font-weight: 400;\"\u003eLab Synthesized\u003c/span\u003e\u003c/p\u003e\r\n\u003c/td\u003e\r\n\u003ctd\u003e\r\n\u003cp\u003e\u003cspan style=\"font-weight: 400;\"\u003eTexture Enhancer \u0026amp; Emollient\u003c/span\u003e\u003c/p\u003e\r\n\u003c/td\u003e\r\n\u003c/tr\u003e\r\n\u003ctr\u003e\r\n\u003ctd\u003e\r\n\u003cp\u003e\u003cspan style=\"font-weight: 400;\"\u003eHydrogenated Castor\u003c/span\u003e\u003c/p\u003e\r\n\u003cp\u003e\u003cspan style=\"font-weight: 400;\"\u003e Oil\u003c/span\u003e\u003c/p\u003e\r\n\u003c/td\u003e\r\n\u003ctd\u003e\r\n\u003cp\u003e\u003cspan style=\"font-weight: 400;\"\u003eNatural \u003c/span\u003e\u003c/p\u003e\r\n\u003c/td\u003e\r\n\u003ctd\u003e\r\n\u003cp\u003e\u003cspan style=\"font-weight: 400;\"\u003ePlant-Based\u003c/span\u003e\u003c/p\u003e\r\n\u003c/td\u003e\r\n\u003ctd\u003e\r\n\u003cp\u003e\u003cspan style=\"font-weight: 400;\"\u003eSurfactant\u003c/span\u003e\u003c/p\u003e\r\n\u003c/td\u003e\r\n\u003c/tr\u003e\r\n\u003ctr\u003e\r\n\u003ctd\u003e\r\n\u003cp\u003e\u003cspan style=\"font-weight: 400;\"\u003ePhenoxyethanol\u003c/span\u003e\u003c/p\u003e\r\n\u003c/td\u003e\r\n\u003ctd\u003e\r\n\u003cp\u003e\u003cspan style=\"font-weight: 400;\"\u003eNatural\u003c/span\u003e\u003c/p\u003e\r\n\u003c/td\u003e\r\n\u003ctd\u003e\r\n\u003cp\u003e\u003cspan style=\"font-weight: 400;\"\u003eGreen Tea\u003c/span\u003e\u003c/p\u003e\r\n\u003c/td\u003e\r\n\u003ctd\u003e\r\n\u003cp\u003e\u003cspan style=\"font-weight: 400;\"\u003ePreservative\u003c/span\u003e\u003c/p\u003e\r\n\u003c/td\u003e\r\n\u003c/tr\u003e\r\n\u003ctr\u003e\r\n\u003ctd\u003e\r\n\u003cp\u003e\u003cspan style=\"font-weight: 400;\"\u003ePropylene Glycol Laurate\u003c/span\u003e\u003c/p\u003e\r\n\u003c/td\u003e\r\n\u003ctd\u003e\r\n\u003cp\u003e\u003cspan style=\"font-weight: 400;\"\u003eNatural\u003c/span\u003e\u003c/p\u003e\r\n\u003c/td\u003e\r\n\u003ctd\u003e\r\n\u003cp\u003e\u003cspan style=\"font-weight: 400;\"\u003ePlant-Based\u003c/span\u003e\u003c/p\u003e\r\n\u003c/td\u003e\r\n\u003ctd\u003e\r\n\u003cp\u003e\u003cspan style=\"font-weight: 400;\"\u003eEmollient/Surfactant\u003c/span\u003e\u003c/p\u003e\r\n\u003c/td\u003e\r\n\u003c/tr\u003e\r\n\u003ctr\u003e\r\n\u003ctd\u003e\r\n\u003cp\u003e\u003cspan style=\"font-weight: 400;\"\u003eSodium Laurylglucosides\u003c/span\u003e\u003c/p\u003e\r\n\u003cp\u003e\u003cspan style=\"font-weight: 400;\"\u003eHydroxypropylsulfonate\u003c/span\u003e\u003c/p\u003e\r\n\u003c/td\u003e\r\n\u003ctd\u003e\r\n\u003cp\u003e\u003cspan style=\"font-weight: 400;\"\u003eNatural \u003c/span\u003e\u003c/p\u003e\r\n\u003c/td\u003e\r\n\u003ctd\u003e\r\n\u003cp\u003e\u003cspan style=\"font-weight: 400;\"\u003eCorn \u0026amp; Coconut\u003c/span\u003e\u003c/p\u003e\r\n\u003c/td\u003e\r\n\u003ctd\u003e\r\n\u003cp\u003e\u003cspan style=\"font-weight: 400;\"\u003eCleansing Agent\u003c/span\u003e\u003c/p\u003e\r\n\u003c/td\u003e\r\n\u003c/tr\u003e\r\n\u003ctr\u003e\r\n\u003ctd\u003e\r\n\u003cp\u003e\u003cspan style=\"font-weight: 400;\"\u003eCalendula Officinalis Flower Extract\u003c/span\u003e\u003c/p\u003e\r\n\u003c/td\u003e\r\n\u003ctd\u003e\r\n\u003cp\u003e\u003cspan style=\"font-weight: 400;\"\u003eNatural\u003c/span\u003e\u003c/p\u003e\r\n\u003c/td\u003e\r\n\u003ctd\u003e\r\n\u003cp\u003e\u003cspan style=\"font-weight: 400;\"\u003eMarigold\u003c/span\u003e\u003c/p\u003e\r\n\u003c/td\u003e\r\n\u003ctd\u003e\r\n\u003cp\u003e\u003cspan style=\"font-weight: 400;\"\u003eAnti-inflammatory Properties\u003c/span\u003e\u003c/p\u003e\r\n\u003c/td\u003e\r\n\u003c/tr\u003e\r\n\u003ctr\u003e\r\n\u003ctd\u003e\r\n\u003cp\u003e\u003cspan style=\"font-weight: 400;\"\u003eHydrolyzed Milk Protein\u003c/span\u003e\u003c/p\u003e\r\n\u003c/td\u003e\r\n\u003ctd\u003e\r\n\u003cp\u003e\u003cspan style=\"font-weight: 400;\"\u003eNatural\u003c/span\u003e\u003c/p\u003e\r\n\u003c/td\u003e\r\n\u003ctd\u003e\r\n\u003cp\u003e\u003cspan style=\"font-weight: 400;\"\u003eMilk\u003c/span\u003e\u003c/p\u003e\r\n\u003c/td\u003e\r\n\u003ctd\u003e\r\n\u003cp\u003e\u003cspan style=\"font-weight: 400;\"\u003eHydrating Agent\u003c/span\u003e\u003c/p\u003e\r\n\u003c/td\u003e\r\n\u003c/tr\u003e\r\n\u003ctr\u003e\r\n\u003ctd\u003e\r\n\u003cp\u003e\u003cspan style=\"font-weight: 400;\"\u003eOat Extract\u003c/span\u003e\u003c/p\u003e\r\n\u003c/td\u003e\r\n\u003ctd\u003e\r\n\u003cp\u003e\u003cspan style=\"font-weight: 400;\"\u003eNatural\u003c/span\u003e\u003c/p\u003e\r\n\u003c/td\u003e\r\n\u003ctd\u003e\r\n\u003cp\u003e\u003cspan style=\"font-weight: 400;\"\u003eOats\u003c/span\u003e\u003c/p\u003e\r\n\u003c/td\u003e\r\n\u003ctd\u003e\r\n\u003cp\u003e\u003cspan style=\"font-weight: 400;\"\u003eMoisturizing Agent\u003c/span\u003e\u003c/p\u003e\r\n\u003c/td\u003e\r\n\u003c/tr\u003e\r\n\u003ctr\u003e\r\n\u003ctd\u003e\r\n\u003cp\u003e\u003cspan style=\"font-weight: 400;\"\u003ePolyquaternium-10\u003c/span\u003e\u003c/p\u003e\r\n\u003c/td\u003e\r\n\u003ctd\u003e\r\n\u003cp\u003e\u003cspan style=\"font-weight: 400;\"\u003eSynthetic\u003c/span\u003e\u003c/p\u003e\r\n\u003c/td\u003e\r\n\u003ctd\u003e\r\n\u003cp\u003e\u003cspan style=\"font-weight: 400;\"\u003eLab Synthesized\u003c/span\u003e\u003c/p\u003e\r\n\u003c/td\u003e\r\n\u003ctd\u003e\r\n\u003cp\u003e\u003cspan style=\"font-weight: 400;\"\u003eSmoothening/Conditioning\u003c/span\u003e\u003c/p\u003e\r\n\u003c/td\u003e\r\n\u003c/tr\u003e\r\n\u003ctr\u003e\r\n\u003ctd\u003e\r\n\u003cp\u003e\u003cspan style=\"font-weight: 400;\"\u003eDisodium EDTA\u003c/span\u003e\u003c/p\u003e\r\n\u003c/td\u003e\r\n\u003ctd\u003e\r\n\u003cp\u003e\u003cspan style=\"font-weight: 400;\"\u003eSynthetic\u003c/span\u003e\u003c/p\u003e\r\n\u003c/td\u003e\r\n\u003ctd\u003e\r\n\u003cp\u003e\u003cspan style=\"font-weight: 400;\"\u003eLab Synthesized\u003c/span\u003e\u003c/p\u003e\r\n\u003c/td\u003e\r\n\u003ctd\u003e\r\n\u003cp\u003e\u003cspan style=\"font-weight: 400;\"\u003ePreservative\u003c/span\u003e\u003c/p\u003e\r\n\u003c/td\u003e\r\n\u003c/tr\u003e\r\n\u003ctr\u003e\r\n\u003ctd\u003e\r\n\u003cp\u003e\u003cspan style=\"font-weight: 400;\"\u003eCitric Acid\u003c/span\u003e\u003c/p\u003e\r\n\u003c/td\u003e\r\n\u003ctd\u003e\r\n\u003cp\u003e\u003cspan style=\"font-weight: 400;\"\u003eNatural\u003c/span\u003e\u003c/p\u003e\r\n\u003c/td\u003e\r\n\u003ctd\u003e\r\n\u003cp\u003e\u003cspan style=\"font-weight: 400;\"\u003eNatural\u003c/span\u003e\u003c/p\u003e\r\n\u003c/td\u003e\r\n\u003ctd\u003e\r\n\u003cp\u003e\u003cspan style=\"font-weight: 400;\"\u003eAntioxidant \u0026amp; Preservative\u003c/span\u003e\u003c/p\u003e\r\n\u003c/td\u003e\r\n\u003c/tr\u003e\r\n\u003ctr\u003e\r\n\u003ctd\u003e\r\n\u003cp\u003e\u003cspan style=\"font-weight: 400;\"\u003eIFRA Certified Allergen Free Fragrance\u003c/span\u003e\u003c/p\u003e\r\n\u003c/td\u003e\r\n\u003ctd\u003e\r\n\u003cp\u003e\u003cspan style=\"font-weight: 400;\"\u003eSynthetic\u003c/span\u003e\u003c/p\u003e\r\n\u003c/td\u003e\r\n\u003ctd\u003e\r\n\u003cp\u003e\u003cspan style=\"font-weight: 400;\"\u003eLab Synthesized\u003c/span\u003e\u003c/p\u003e\r\n\u003c/td\u003e\r\n\u003ctd\u003e\r\n\u003cp\u003e\u003cspan style=\"font-weight: 400;\"\u003eFragrance\u003c/span\u003e\u003c/p\u003e\r\n\u003c/td\u003e\r\n\u003c/tr\u003e\r\n\u003c/tbody\u003e\r\n\u003c/table\u003e"},{"attribute_code":"attribute_value_7","value":"\u003cdiv id=\"faqs\"\u003e\r\n\u003cp\u003eCan Newborn Babies Use Milky Soft Body Wash?\u003c/p\u003e\r\n\u003cp\u003eYes, newborn babies can use Mamaearth milk and oats body wash.\u003c/p\u003e\r\n\u003cp\u003eCan adults use this Body wash?\u003c/p\u003e\r\n\u003cp\u003eYes, adults can also use this soft and gentle body wash.\u003c/p\u003e\r\n\u003cp\u003eWhat are the benefits of milky soft baby body wash?\u003c/p\u003e\r\n\u003cp\u003eMamaearth Milky Body Wash gently cleanses, hydrates, and nourishes your baby’s delicate skin without taking away its moisture. Filled with the goodness of milk, calendula, and oats, this milk and honey body wash reduces allergic infections, maintains the right pH balance, and moisturizes the baby’s skin.\u003c/p\u003e\r\n\u003cp\u003eWhat are the side effects of baby body wash?\u003c/p\u003e\r\n\u003cp\u003eThere are usually no side effects observed for baby body wash, if they are made of toxin-free ingredients. For example, Mamaearth milky shower gel is a well-known product that has no side effects. We recommend doing a patch test of any baby care product before usage.\u003c/p\u003e\r\n\u003cp\u003eIs Mamaearth milky baby body wash is 100% natural and toxic-free?\u003c/p\u003e\r\n\u003cp\u003eYes, Mamaearth oat milk body wash is 100% natural and toxic-free. It is made of oats, calendula, citric acids, and calendula that provide deep moisturization and maintain the skin’s pH.\u003c/p\u003e\r\n\u003cp\u003eCan it be used for newborn babies?\u003c/p\u003e\r\n\u003cp\u003eYes, this Mamaearth oats and goat milk body wash can be used for newborn babies. It is safe and effective because it is made only from natural and toxin-free ingredients like oats, calendula, milk protein, and citric acid.\u003c/p\u003e\r\n\u003cp\u003eMy child has sensitive skin, will this Body Wash cause irritation?\u003c/p\u003e\r\n\u003cp\u003eOur Milky Soft Body Wash is made using natural and gentle ingredients that won't cause any harm to your child's sensitive skin.\u003c/p\u003e\r\n\u003cp\u003eIs this Body Wash tested on animals?\u003c/p\u003e\r\n\u003cp\u003eNo, none of our products are tested on animals. Mamaearth is a brand that is certified cruelty-free by PETA.\u003c/p\u003e\r\n\u003cp\u003eHow to use body wash for babies?\u003c/p\u003e\r\n\u003cp\u003eTo use a body wash, first, dampen your baby’s skin. Then, pump out a coin-sized amount of body wash on your hands or a sponge and gently rub it on your baby’s wet body, working into a lather. Lastly, rinse off with water and towel dry.\u003c/p\u003e\r\n\u003cp\u003eWhat is a baby body wash?\u003c/p\u003e\r\n\u003cp\u003eA baby wash is a baby care product specifically crafted to clean and nourish their gentle skin. It is a soap-free formula devoid of any harsh chemicals or toxins for a tear-free bath. It gently helps cleanse their skin, removes the grime and bacteria buildup, and moisturizes the skin, keeping its protective barrier intact. Keeping in mind the baby’s sensitive skin, experts recommend choosing a formula that is safe and gentle formulation. In this light, we recommend you try Mamaearth Milky Soft Body Wash for Babies, featuring the goodness of Oats, Milk Protein, and Calendula. This tear-free formula helps soothe baby’s skin, maintaining moisture levels and calming any irritation. It helps clean the skin properly, maintains pH levels, and provides skin with anti-inflammatory benefits. The body wash is MadeSafe certified, dermatologically tested, and safe for a baby’s tender skin.\u003c/p\u003e\r\n\u003cp\u003eCan you use body wash on babies?\u003c/p\u003e\r\n\u003cp\u003eBabies have delicate skin, prone to dryness. So, it is best to use only plain water for newborn babies. You may gradually introduce mild and gentle baby care products, such as baby wash, to wipe impurities and grime from their skin. But be careful to use only a pea-sized amount to prevent any damage. If you’re looking for a natural and toxin-free baby wash, we recommend you try Mamaearth Milky Soft Body Wash for Babies, featuring the goodness of Oats, Milk Protein, and Calendula. This tear-free formula helps soothe the baby’s skin, maintaining moisture levels. It gently cleanses the skin, maintains pH levels, and provides skin with anti-fungal, anti-oxidant, and anti-inflammatory benefits. It is MadeSafe Certified, dermatologically tested, and safe for a baby’s tender skin.\u003c/p\u003e\r\n\u003cp\u003eShould adults use baby body wash?\u003c/p\u003e\r\n\u003cp\u003eBabies and adults have different skin types and needs. Although a baby body wash can also be used for adults, it is generally not recommended. Babies have thin skin, so experts suggest using gentle and mild products for them, while for adult skin, the formulation may differ.\u003c/p\u003e\r\n\u003c/div\u003e"},{"attribute_code":"tag_keywords","value":"Baby Care, Natural, Sensitive, Body Wash, Natural Body Wash, Milky Body Wash, Gentle, Safe, Moisturizing, Nourishing, Cleansing, Cruelty-Free, PETA Certified, Toxin-Free, Soothing, No Harmful Chemicals"},{"attribute_code":"bestseller","value":"Bestseller"},{"attribute_code":"special_price","value":null},{"attribute_code":"special_from_date","value":"2024-05-10 10:59:00"}],"hide_in_front":0,"image":"/1/_/1_96.jpg","is_in_stock":true,"name":"Milky Soft Body Wash for Babies with Oats, Milk and Calendula - 400 ml","position":"3","price":"499.00","product_card_tags":"Tear-Free Formula | Gently Cleanses Skin","review_count":49,"sku":"8906087776116","special_price":"","special_price_from_date":{"date":"2024-05-10 16:29:00","timezone_type":3,"timezone":"Asia/Kolkata"},"tags":"Trending","url_key":"milky-soft-body-wash-for-babies-with-oats-milk-and-calendula-400-ml","imageAltTags":[],"product_subtitle_keys":["Buy 1 Get 1 FREE"],"size":"400ml","unitPrice":"1.25/ml","old_productid":"478","generic_name":null},{"id":45,"tier_prices":[],"avg_rating_percent":99,"categories":[2,5,43,8,9,16,6,109,341,254,413,15,379],"created_at":"2021-03-25 13:28:35","custom_attributes":[{"attribute_code":"manufacturer","value":"Kapco International Ltd,Plot 11,Sector3,Parwanoo, Himachal Pradesh-173220"},{"attribute_code":"meta_title","value":"Baby Lotion | Moisturizing Daily Lotion  | Baby Care | Mamaearth"},{"attribute_code":"meta_description","value":"Baby lotion for your child. Moisturizing Daily Lotion by Mamaearth made with natural ingredients for soft and nourished skin. Buy Baby Care products online- 100% safe!"},{"attribute_code":"image","value":"/l/o/lotion_props_tmvxrteosfcbmgju.jpg"},{"attribute_code":"small_image","value":"/l/o/lotion_props_tmvxrteosfcbmgju.jpg"},{"attribute_code":"thumbnail","value":"/l/o/lotion_props_tmvxrteosfcbmgju.jpg"},{"attribute_code":"options_container","value":"container2"},{"attribute_code":"country_of_manufacture","value":"IN"},{"attribute_code":"url_key","value":"moisturizing-daily-lotion-for-babies-400-ml"},{"attribute_code":"msrp_display_actual_price_type","value":"0"},{"attribute_code":"gift_message_available","value":"0"},{"attribute_code":"swatch_image","value":"/l/o/lotion_props_tmvxrteosfcbmgju.jpg"},{"attribute_code":"attribute_label_1","value":"What to Expect from Mamaearth Moisturizing Daily Lotion for Babies?"},{"attribute_code":"attribute_label_2","value":"Key Ingredients"},{"attribute_code":"attribute_label_3","value":"How to Use"},{"attribute_code":"attribute_label_4","value":"Who can Use"},{"attribute_code":"attribute_label_5","value":"Why Mamaearth"},{"attribute_code":"attribute_label_6","value":"Ingredient List"},{"attribute_code":"attribute_label_7","value":"FAQS"},{"attribute_code":"best_before","value":"24 Months"},{"attribute_code":"dimensions","value":"10 * 5 * 5 cm"},{"attribute_code":"mrp","value":"399"},{"attribute_code":"old_productid","value":"21441"},{"attribute_code":"weight_when_packed","value":"0.500"},{"attribute_code":"tags","value":"Best-seller"},{"attribute_code":"marketed_by","value":"Honasa Consumer Limited, 10th and 11th Floor, Capital Cyberscape, Sector 59, Gurugram, Haryana, 122101"},{"attribute_code":"live_url","value":"https://mamaearth.in/product/moisturizing-daily-lotion-for-babies-400-ml"},{"attribute_code":"license_no","value":"S-COS/10/19"},{"attribute_code":"length","value":"10"},{"attribute_code":"google_category","value":"2592"},{"attribute_code":"cms_sequence","value":"1,2,3,4,5,6,7,8"},{"attribute_code":"width","value":"5"},{"attribute_code":"height","value":"5"},{"attribute_code":"breadcrumb_category","value":"11","title":"Baby Skin Care Products","url_key":"baby-skin"},{"attribute_code":"custom_product_type","value":"ba_body"},{"attribute_code":"brand","value":"4"},{"attribute_code":"product_card_tags","value":"Deeply Nourishes|Relieves Dryness| Irritation-Free"},{"attribute_code":"saving_scheme","value":"price_per_100_ml"},{"attribute_code":"product_subtitle_keys","value":"Buy 1 Get 1 FREE, Irritation free, Body lotion"},{"attribute_code":"is_suitable_for_skin_type","value":"465","label":"normal"},{"attribute_code":"skin_goals","value":"467,468","label":"moisturization, smooth skin"},{"attribute_code":"tax_class_id","value":"2"},{"attribute_code":"create_scarcity","value":"1"},{"attribute_code":"hide_product_infront","value":"0"},{"attribute_code":"show_in_feed","value":"1"},{"attribute_code":"base_category","value":"84"},{"attribute_code":"base_sub_category","value":"47"},{"attribute_code":"show_price_per_unit","value":"1"},{"attribute_code":"volume","value":"400"},{"attribute_code":"enable_fbt_popup","value":"0"},{"attribute_code":"enable_product_for_wa_commerce","value":"0"},{"attribute_code":"strikethrough","value":"1"},{"attribute_code":"baby_moisturizing_body_lotion","value":"446"},{"attribute_code":"tag_keywords","value":"Babies, baby, bath, bodylotion, care, Daily, earth, Lotion, mama, mamaearth, moisture, moisturiser, moisturising, Moisturizing, products, Skin, Skincare"},{"attribute_code":"short_description","value":"\u003cp style=\"text-align: justify;\"\u003eHi, I’m Mamaearth Moisturizing Daily Lotion for Babies. I understand that your baby needs to be moisturized daily to remain soft and nourished. I help to keep your little one’s skin velvety smooth and healthy for up to 12 hours! I consist of ingredients like Cocoa \u0026 Shea Butter that help to moisturize and nourish their delicate skin. Jojoba Oil aids in making your baby’s skin soft and supple while Vitamin E and Aloe Vera help provide relief from the heat of the Sun. You can always trust me for your baby’s needs as I’m made with the best of ingredients from nature. I’m completely free from harmful chemicals like Parabens, Phthalates, PEG, Mineral Oil, and even Artificial Fragrances and come with MadeSafe Certification.\u003c/p\u003e"},{"attribute_code":"attribute_value_1","value":"\u003cul class=\"result-list\"\u003e\r\n\u003cli\u003e\r\n\u003cdiv class=\"result-img\"\u003e\u003cimg src=\"https://images.mamaearth.in/wysiwyg/08.png\" alt=\"mamaearth baby lotion 400ml\" /\u003e\u003c/div\u003e\r\n\u003ch2\u003eDeeply Nourishing\u003c/h2\u003e\r\n\u003cspan class=\"result-content\" style=\"padding: 0; text-align: center;\"\u003eIt is enriched with the goodness of Calendula Extracts, Shea \u0026amp; Cocoa Butter for deep nourishment of your baby’s skin.\u003c/span\u003e\u003c/li\u003e\r\n\u003cli\u003e\r\n\u003cdiv class=\"result-img\"\u003e\u003cimg src=\"https://images.mamaearth.in/wysiwyg/09.png\" alt=\"\" /\u003e\u003c/div\u003e\r\n\u003ch2\u003eRelieves Dryness\u003c/h2\u003e\r\n\u003cspan class=\"result-content\" style=\"padding: 0; text-align: center;\"\u003eJojoba Oil offers nourishment to the skin while relieving dryness.\u003c/span\u003e\u003c/li\u003e\r\n\u003cli\u003e\r\n\u003cdiv class=\"result-img\"\u003e\u003cimg src=\"https://images.mamaearth.in/wysiwyg/010.png\" alt=\"\" /\u003e\u003c/div\u003e\r\n\u003ch2\u003eNo Irritation\u003c/h2\u003e\r\n\u003cspan class=\"result-content\" style=\"padding: 0; text-align: center;\"\u003eVitamin E and Aloe Vera provide relief from the heat of the Sun while relieving dryness.\u003c/span\u003e\u003c/li\u003e\r\n\u003c/ul\u003e"},{"attribute_code":"attribute_value_2","value":"\u003cul class=\"woodmart-list\"\u003e\r\n\u003cli\u003e\r\n\u003cdiv class=\"list-icon\"\u003e\u003cimg src=\"https://images.mamaearth.in/wysiwyg/011-100x100.jpg\" alt=\"\" /\u003e\u003c/div\u003e\r\n\u003cspan class=\"list-content\" style=\"text-align: justify;\"\u003e\u003cstrong\u003eShea Butter : \u003c/strong\u003eIt nourishes the skin from within while moisturizing it deeply.\u003c/span\u003e\u003c/li\u003e\r\n\u003cli\u003e\r\n\u003cdiv class=\"list-icon\"\u003e\u003cimg src=\"https://images.mamaearth.in/wysiwyg/012-100x100.jpg\" alt=\"\" /\u003e\u003c/div\u003e\r\n\u003cspan class=\"list-content\" style=\"text-align: justify;\"\u003e\u003cstrong\u003eCocoa Butter : \u003c/strong\u003eIt is an excellent remedy for naturally healing any damaged or dry skin.\u003c/span\u003e\u003c/li\u003e\r\n\u003cli\u003e\r\n\u003cdiv class=\"list-icon\"\u003e\u003cimg src=\"https://images.mamaearth.in/wysiwyg/abr6-100x100.jpg\" alt=\"\" /\u003e\u003c/div\u003e\r\n\u003cspan class=\"list-content\" style=\"text-align: justify;\"\u003e\u003cstrong\u003eCalendula Extract : \u003c/strong\u003eIt is anti-bacterial, anti-fungal, and anti-inflammatory, making it ideal for reducing excessive skin dryness and rashes.\u003c/span\u003e\u003c/li\u003e\r\n\u003cli\u003e\r\n\u003cdiv class=\"list-icon\"\u003e\u003cimg src=\"https://images.mamaearth.in/wysiwyg/021-100x100.jpg\" alt=\"\" /\u003e\u003c/div\u003e\r\n\u003cspan class=\"list-content\" style=\"text-align: justify;\"\u003e\u003cstrong\u003eAloe Vera Extract : \u003c/strong\u003eIt soothes the skin while healing any damage due to weather like being too dry or too hot.\u003c/span\u003e\u003c/li\u003e\r\n\u003c/ul\u003e"},{"attribute_code":"attribute_value_3","value":"\u003cp\u003eMassage onto the baby\u0026rsquo;s skin as often as needed, especially after bathing.\u003c/p\u003e"},{"attribute_code":"attribute_value_4","value":"\u003cul style=\"list-style: disc; padding-left: 1em;\"\u003e\r\n\u003cli\u003e\u003cspan class=\"list-content\"\u003eInfants\u003c/span\u003e\u003c/li\u003e\r\n\u003cli\u003e\r\n\u003cdiv class=\"list-icon fa fa-check\"\u003eToddlers\u003c/div\u003e\r\n\u003c/li\u003e\r\n\u003cli\u003e\u003cspan class=\"list-content\"\u003eSchool Going Children\u003c/span\u003e\u003c/li\u003e\r\n\u003c/ul\u003e\r\n\u003cdiv id=\"gtx-trans\" style=\"position: absolute; left: -3px; top: -16px;\"\u003e\r\n\u003cdiv class=\"gtx-trans-icon\"\u003e\u003c/div\u003e\r\n\u003c/div\u003e"},{"attribute_code":"attribute_value_5","value":"\u003cul class=\"compare-list\"\u003e\r\n\u003cli\u003e\r\n\u003cdiv class=\"compare-img\"\u003e\u003cimg src=\"https://images.mamaearth.in/wysiwyg/Lotion_Props-300x300.jpg\" alt=\"\" /\u003e\u003c/div\u003e\r\n\u003cdiv class=\"compare-content\"\u003e\r\n\u003cul\u003e\r\n\u003cli\u003eFamily Safe Formula\u003c/li\u003e\r\n\u003cli\u003eNo Artificial Fragrance\u003c/li\u003e\r\n\u003cli\u003eMade From Natural Ingredients\u003c/li\u003e\r\n\u003cli\u003eSoothes \u0026amp; Nourishes the Skin\u003c/li\u003e\r\n\u003cli\u003eMadeSafe Certified\u003c/li\u003e\r\n\u003c/ul\u003e\r\n\u003c/div\u003e\r\n\u003c/li\u003e\r\n\u003cli\u003e\r\n\u003cdiv class=\"compare-img\"\u003e\u003cimg src=\"https://images.mamaearth.in/wysiwyg/face-wash-tube-300x300.jpg\" alt=\"\" /\u003e\u003c/div\u003e\r\n\u003cdiv class=\"compare-content\"\u003e\r\n\u003cul\u003e\r\n\u003cli\u003eHas Artificial Fragrances\u003c/li\u003e\r\n\u003cli\u003eMade of Polyester\u003c/li\u003e\r\n\u003cli\u003eContains Harmful Chemicals\u003c/li\u003e\r\n\u003cli\u003eDoes Not Moisturize Enough\u003c/li\u003e\r\n\u003c/ul\u003e\r\n\u003c/div\u003e\r\n\u003c/li\u003e\r\n\u003c/ul\u003e"},{"attribute_code":"attribute_value_6","value":"\u003ctable style=\"width: 601px;\"\u003e\r\n\u003ctbody\u003e\r\n\u003ctr\u003e\r\n\u003ctd width=\"136\"\u003e\u003cspan\u003eIngredient\u003c/span\u003e\u003c/td\u003e\r\n\u003ctd width=\"80\"\u003e\u003cspan\u003eType\u003c/span\u003e\u003c/td\u003e\r\n\u003ctd width=\"161\"\u003e\u003cspan\u003eWhere Is It From?\u003c/span\u003e\u003c/td\u003e\r\n\u003ctd width=\"223\"\u003e\u003cspan\u003eHow It Helps?\u003c/span\u003e\u003c/td\u003e\r\n\u003c/tr\u003e\r\n\u003ctr\u003e\r\n\u003ctd width=\"136\"\u003ePurified Water\u003c/td\u003e\r\n\u003ctd width=\"80\"\u003eNatural\u003c/td\u003e\r\n\u003ctd width=\"161\"\u003eWater\u003c/td\u003e\r\n\u003ctd width=\"223\"\u003eSolvent\u003c/td\u003e\r\n\u003c/tr\u003e\r\n\u003ctr\u003e\r\n\u003ctd width=\"136\"\u003eCaprylic Capric Triglyceride\u003c/td\u003e\r\n\u003ctd width=\"80\"\u003eNatural\u003c/td\u003e\r\n\u003ctd width=\"161\"\u003ePlant-Based\u003c/td\u003e\r\n\u003ctd width=\"223\"\u003eMoisturizing Agent\u003c/td\u003e\r\n\u003c/tr\u003e\r\n\u003ctr\u003e\r\n\u003ctd width=\"136\"\u003eShea Butter\u003c/td\u003e\r\n\u003ctd width=\"80\"\u003eNatural\u003c/td\u003e\r\n\u003ctd width=\"161\"\u003eNuts of Shea Tree\u003c/td\u003e\r\n\u003ctd width=\"223\"\u003eRefatting Agent/ Moisturizer\u003c/td\u003e\r\n\u003c/tr\u003e\r\n\u003ctr\u003e\r\n\u003ctd width=\"136\"\u003eCocoa Butter\u003c/td\u003e\r\n\u003ctd width=\"80\"\u003eNatural\u003c/td\u003e\r\n\u003ctd width=\"161\"\u003eCocoa Bean\u003c/td\u003e\r\n\u003ctd width=\"223\"\u003eUsed In Ointments, Toiletries \u0026amp; Pharmaceuticals\u003c/td\u003e\r\n\u003c/tr\u003e\r\n\u003ctr\u003e\r\n\u003ctd width=\"136\"\u003eOlive oil\u003c/td\u003e\r\n\u003ctd width=\"80\"\u003eNatural\u003c/td\u003e\r\n\u003ctd width=\"161\"\u003eOlives\u003c/td\u003e\r\n\u003ctd width=\"223\"\u003eMoisturizing Agent\u003c/td\u003e\r\n\u003c/tr\u003e\r\n\u003ctr\u003e\r\n\u003ctd width=\"136\"\u003eWheat Germ Oil\u003c/td\u003e\r\n\u003ctd width=\"80\"\u003eNatural\u003c/td\u003e\r\n\u003ctd width=\"161\"\u003eWheat Kernel\u003c/td\u003e\r\n\u003ctd width=\"223\"\u003eAnti-oxidant\u003c/td\u003e\r\n\u003c/tr\u003e\r\n\u003ctr\u003e\r\n\u003ctd width=\"136\"\u003eCalendula Extract\u003c/td\u003e\r\n\u003ctd width=\"80\"\u003eNatural\u003c/td\u003e\r\n\u003ctd width=\"161\"\u003eMarigold\u003c/td\u003e\r\n\u003ctd width=\"223\"\u003eAnti-inflammatory Properties\u003c/td\u003e\r\n\u003c/tr\u003e\r\n\u003ctr\u003e\r\n\u003ctd width=\"136\"\u003eJojoba Oil\u003c/td\u003e\r\n\u003ctd width=\"80\"\u003eNatural\u003c/td\u003e\r\n\u003ctd width=\"161\"\u003eJojoba Plant\u003c/td\u003e\r\n\u003ctd width=\"223\"\u003eAnti-inflammatory Properties\u003c/td\u003e\r\n\u003c/tr\u003e\r\n\u003ctr\u003e\r\n\u003ctd width=\"136\"\u003eAloe vera Extract\u003c/td\u003e\r\n\u003ctd width=\"80\"\u003eNatural\u003c/td\u003e\r\n\u003ctd width=\"161\"\u003eAloe Vera\u003c/td\u003e\r\n\u003ctd width=\"223\"\u003eAnti-oxidant \u0026amp; Anti-bacterial Properties\u003c/td\u003e\r\n\u003c/tr\u003e\r\n\u003ctr\u003e\r\n\u003ctd width=\"136\"\u003eVitamin E\u003c/td\u003e\r\n\u003ctd width=\"80\"\u003eNatural\u003c/td\u003e\r\n\u003ctd width=\"161\"\u003ePlant-Based\u003c/td\u003e\r\n\u003ctd width=\"223\"\u003eAnti-oxidant\u003c/td\u003e\r\n\u003c/tr\u003e\r\n\u003ctr\u003e\r\n\u003ctd width=\"136\"\u003eSorbitan Olivate\u003c/td\u003e\r\n\u003ctd width=\"80\"\u003eNatural\u003c/td\u003e\r\n\u003ctd width=\"161\"\u003eOlive Oil\u003c/td\u003e\r\n\u003ctd width=\"223\"\u003eBiodegradable, Non-toxic \u0026amp; a Non-irritant.\u003c/td\u003e\r\n\u003c/tr\u003e\r\n\u003ctr\u003e\r\n\u003ctd width=\"136\"\u003eGlyceryl Stearate\u003c/td\u003e\r\n\u003ctd width=\"80\"\u003eSynthetic\u003c/td\u003e\r\n\u003ctd width=\"161\"\u003eLab Synthesized\u003c/td\u003e\r\n\u003ctd width=\"223\"\u003eSkin Conditioning Agent / Emulsifying Agent\u003c/td\u003e\r\n\u003c/tr\u003e\r\n\u003ctr\u003e\r\n\u003ctd width=\"136\"\u003eCetyl Alcohol\u003c/td\u003e\r\n\u003ctd width=\"80\"\u003eNatural\u003c/td\u003e\r\n\u003ctd width=\"161\"\u003ePlant-Based\u003c/td\u003e\r\n\u003ctd width=\"223\"\u003eEmollient, Emulsifier or Thickening Agent\u003c/td\u003e\r\n\u003c/tr\u003e\r\n\u003ctr\u003e\r\n\u003ctd width=\"136\"\u003ePotassium Sorbate\u003c/td\u003e\r\n\u003ctd width=\"80\"\u003eNatural\u003c/td\u003e\r\n\u003ctd width=\"161\"\u003eFruits\u003c/td\u003e\r\n\u003ctd width=\"223\"\u003ePreservatives\u003c/td\u003e\r\n\u003c/tr\u003e\r\n\u003ctr\u003e\r\n\u003ctd width=\"136\"\u003eSodium Benzoate\u003c/td\u003e\r\n\u003ctd width=\"80\"\u003eSynthetic\u003c/td\u003e\r\n\u003ctd width=\"161\"\u003eBenzoic Acid\u003c/td\u003e\r\n\u003ctd width=\"223\"\u003eAnti-oxidant\u003c/td\u003e\r\n\u003c/tr\u003e\r\n\u003ctr\u003e\r\n\u003ctd width=\"136\"\u003eChamomile Essential Oil\u003c/td\u003e\r\n\u003ctd width=\"80\"\u003eNatural\u003c/td\u003e\r\n\u003ctd width=\"161\"\u003eChamomile Plant\u003c/td\u003e\r\n\u003ctd width=\"223\"\u003eUsed To Ease Over-Sensitivity.\u003c/td\u003e\r\n\u003c/tr\u003e\r\n\u003c/tbody\u003e\r\n\u003c/table\u003e"},{"attribute_code":"attribute_value_7","value":"\u003cdiv id=\"faqs\"\u003e\r\n\u003cp\u003eWhere All Can I Apply The Baby Lotion?\u003c/p\u003e\r\n\u003cp\u003eYou can apply a generous layer of Mamaearth Baby Lotion all Over the body except the face.\u003c/p\u003e\r\n\u003cp\u003eHow Many Times Can I Use It In A Day?\u003c/p\u003e\r\n\u003cp\u003eRepeat application every 12 hours.\u003c/p\u003e\r\n\u003cp\u003eWhen Should It Be Applied?\u003c/p\u003e\r\n\u003cp\u003eApply Mamaearth Baby Lotion any time of the day. However, applying the lotion just after the baby has taken a bath is ideal.\u003c/p\u003e\r\n\u003cp\u003eIs this Mamaearth Baby Ltion 400ml Safe For New-born Baby?\u003c/p\u003e\r\n\u003cp\u003eMamaearth Baby Lotion is ideal for use from day 1 of birth.\u003c/p\u003e\r\n\u003cp\u003eWhat is moisturizing lotion?\u003c/p\u003e\r\n\u003cp\u003eMoisturizing lotion is an enriching mixture of oils and water-soluble emulsions that moisturize, protect, and lubricate the outermost layer of the skin. It contains emollients and humectants that treat rough, scaly, and itchy skin. Due to its hydrating formulation, it moisturizes and nourishes the skin while keeping it plump and supple. While the formulation of body lotion remains the same, it is advisable to be careful when choosing body lotion for babies. A body lotion made for babies is toxin-free and contains gentle ingredients. For instance, Mamaearth Moisturizing Daily Lotion for Babies\u003c/p\u003e\r\n\u003cp\u003eHow to use moisturizing lotion?\u003c/p\u003e\r\n\u003cp\u003eTo use a moisturizing lotion, ensure to cleanse your skin before application. After cleansing, apply a thick layer of lotion on your skin and reapply when required. When applying on babies’ skin, ensure gentle and cover the dry areas. Moreover, the best time to use a moisturizer on babies is right after bathing.\u003c/p\u003e\r\n\u003cp\u003eWhat is moisturizing lotion used for?\u003c/p\u003e\r\n\u003cp\u003eMoisturizing lotion is designed to retain proper moisture in the skin, improve the skin's appearance, and replenish the skin's water content. It is made with humectants and emollients that help trap moisture in the topmost layer of the skin, aiding in healing irritated, dry, and inflamed skin. It is a rich merger of ingredients like Glycerin, Shea Butter, Milk Protein, Coconut Oil, Almond Oil, Ceramides, Hyaluronic Acid, Vitamin E, etc. These ingredients deliver intense hydration and work well to soothe and nourish dry skin.\u003c/p\u003e\r\n\u003cp\u003eCan I use moisturizer everyday?\u003c/p\u003e\r\n\u003cp\u003eYes, you can. Moisturizers are typically crafted with humectants and emollients that help restore the moisture of the outermost layer of the skin. Due to their hydrating and restorative properties, moisturizers are essential in any skincare routine. It helps improve skin’s radiance, repair irritated skin, and maintain sebum generation. So, it is necessary to apply a moisturizer daily for daily skin nourishment.\u003c/p\u003e\r\n\u003c/div\u003e"},{"attribute_code":"meta_keyword","value":"baby body lotion cream, baby care oil, baby creams and lotions, baby lotion for dry skin, baby lotion on newborns, baby lotion online, baby moisturizer for face, baby oil for newborn, best baby body lotion, best baby cream, best baby lotion brand, best baby lotion for babies, best baby lotion for dry skin, best baby lotion for newborns, best baby lotion in the world, best baby oil brands, best baby oil for newborn, best body lotion for baby, best lotion for babies, best lotion for baby dry skin, best lotion for newborn dry skin, best natural baby lotion, best oil for baby, best oil for baby malish, best oil for baby skin, best oil for kids, best oil for newborn baby, massage oil for baby, moisturizing lotion for babies, natural baby oil, mamaearth baby lotion 400ml"},{"attribute_code":"bestseller","value":"Bestseller"},{"attribute_code":"special_price","value":null},{"attribute_code":"special_from_date","value":"2024-05-10 10:59:00"}],"hide_in_front":0,"image":"/l/o/lotion_props_tmvxrteosfcbmgju.jpg","is_in_stock":true,"name":"Moisturizing Daily Lotion For Babies, 400ml","position":"2","price":"499.00","product_card_tags":"Deeply Nourishes|Relieves Dryness| Irritation-Free","review_count":48,"sku":"8906087770435","special_price":"","special_price_from_date":{"date":"2024-05-10 16:29:00","timezone_type":3,"timezone":"Asia/Kolkata"},"tags":"Best-seller","url_key":"moisturizing-daily-lotion-for-babies-400-ml","imageAltTags":[],"configurable_option":{"attribute_id":332,"option_id":446,"attribute_label":"Baby-Moisturizing-Body-Lotion  ","title":"400ml","swatch_data":{"swatch_id":684,"option_id":446,"store_id":1,"type":0,"value":"400ml"}},"siblings":[{"id":7,"sku":"8906087770008","name":"Moisturizing Daily Lotion For Babies, 200ml","url_key":"buy-baby-lotion-online","price":"249.00","is_in_stock":true,"custom_attributes":[{"attribute_code":"saving_scheme","value":"price_per_100_ml"},{"attribute_code":"volume","value":"200"}],"special_price":"","parent_id":1511,"attribute_id":332,"option_id":445,"parent_sku":"4567890302987654334567","attribute_label":"Baby-Moisturizing-Body-Lotion  ","title":"200ml","swatch_data":{"swatch_id":682,"option_id":445,"store_id":1,"type":0,"value":"200ml"},"special_from_date":{"date":"2024-05-10 16:29:00","timezone_type":3,"timezone":"Asia/Kolkata"}}],"product_subtitle_keys":["Buy 1 Get 1 FREE"," Irritation free"," Body lotion"],"size":"400ml","unitPrice":"1.25/ml","old_productid":"21441","generic_name":null}]},{"categId":440,"title":"Summer Essentials","description":"\u003cp\u003eExplore best-selling safe, natural, and 100% toxin-free baby and beauty products from Mamaearth. Get amazing deals and start your toxin-free skin, hair, and baby care journey.\u003c/p\u003e","position":4,"shopLink":"/summer-favorites-new","products":[{"id":1147,"tier_prices":[],"avg_rating_percent":99,"categories":[2,18,154,218,267,31,333,357,361,392,419,440,441,435],"created_at":"2024-01-30 07:33:22","custom_attributes":[{"attribute_code":"manufacturer","value":"Alaina Healthcare Pvt. Ltd., Kharsa, No. 127-132, 707/133 \u0026 685/608/32, Village Jharmajri, Baddi, Distt.- Solan, (H.P), - 174103 M.: HIM/COS/16/227"},{"attribute_code":"meta_title","value":"Buy 1 Get 1 Free on Vitamin C Daily Glow Sunscreen - 80 g"},{"attribute_code":"meta_description","value":"Vitamin C Daily Glow Sunscreen With Vitamin C \u0026 Turmeric for Sun Protection \u0026 Glow - 80 g"},{"attribute_code":"image","value":"/v/i/vit_c_glow_sunscreen1_white_bg.jpg"},{"attribute_code":"small_image","value":"/v/i/vit_c_glow_sunscreen1_white_bg.jpg"},{"attribute_code":"thumbnail","value":"/v/i/vit_c_glow_sunscreen1_white_bg.jpg"},{"attribute_code":"options_container","value":"container2"},{"attribute_code":"small_image_label","value":"Vitamin C Daily Glow Sunscreen"},{"attribute_code":"thumbnail_label","value":"Vitamin C Daily Glow Sunscreen"},{"attribute_code":"country_of_manufacture","value":"IN"},{"attribute_code":"url_key","value":"vitamin-c-daily-glow-sunscreen-with-vitamin-c-turmeric-for-sun-protection-glow-80-g"},{"attribute_code":"msrp_display_actual_price_type","value":"0"},{"attribute_code":"gift_message_available","value":"2"},{"attribute_code":"swatch_image","value":"/v/i/vit_c_glow_sunscreen1_white_bg.jpg"},{"attribute_code":"attribute_label_1","value":"About Vitamin C Daily Glow Sunscreen"},{"attribute_code":"attribute_label_2","value":"Hero Ingredients"},{"attribute_code":"attribute_label_3","value":"How to Use"},{"attribute_code":"attribute_label_4","value":"Who can Use"},{"attribute_code":"attribute_label_5","value":"Why Mamaearth"},{"attribute_code":"attribute_label_6","value":"Ingredient List"},{"attribute_code":"attribute_label_7","value":"FAQ's"},{"attribute_code":"best_before","value":"24 Months"},{"attribute_code":"dimensions","value":"10*5*5"},{"attribute_code":"mrp","value":"449"},{"attribute_code":"old_productid","value":"1146"},{"attribute_code":"tags","value":"best-seller"},{"attribute_code":"marketed_by","value":"Honasa Consumer Limited, 10th and 11th Floor, Capital Cyberscape, Sector 59, Gurugram, Haryana, 122101"},{"attribute_code":"live_url","value":"https://mamaearth.in/product/vitamin-c-daily-glow-sunscreen-with-vitamin-c-turmeric-for-sun-protection-glow-80-g"},{"attribute_code":"license_no","value":"HIM/COS/16/227"},{"attribute_code":"length","value":"10"},{"attribute_code":"google_category","value":"2915"},{"attribute_code":"cms_sequence","value":"1,2,3,4,5,6,7,8"},{"attribute_code":"width","value":"5"},{"attribute_code":"height","value":"5"},{"attribute_code":"breadcrumb_category","value":"154","title":"Sunscreen for Oily Skin","url_key":"sunscreen-cream"},{"attribute_code":"custom_product_type","value":"be_skin"},{"attribute_code":"brand","value":"4"},{"attribute_code":"product_card_tags","value":"SPF 50 \u0026 PA++++ Protection | Adds Natural Glow"},{"attribute_code":"saving_scheme","value":"price_per_100_gm"},{"attribute_code":"product_subtitle_keys","value":"Buy 1 Get 1 FREE, Tan Protection, Bestseller, Sunscreen"},{"attribute_code":"atc_cta_colour","value":null},{"attribute_code":"product_card_background_colour","value":"#FBF4FF"},{"attribute_code":"product_card_border_colour","value":"#C994E5"},{"attribute_code":"is_suitable_for_skin_type","value":"465","label":"normal"},{"attribute_code":"skin_goals","value":"469,470,473","label":"bright skin, even skin tone, tan removal"},{"attribute_code":"tax_class_id","value":"2"},{"attribute_code":"create_scarcity","value":"0"},{"attribute_code":"hide_product_infront","value":"0"},{"attribute_code":"show_in_feed","value":"1"},{"attribute_code":"base_category","value":"86"},{"attribute_code":"base_sub_category","value":"82"},{"attribute_code":"key_ingredient","value":"501"},{"attribute_code":"show_price_per_unit","value":"1"},{"attribute_code":"volume","value":"80"},{"attribute_code":"enable_fbt_popup","value":"1"},{"attribute_code":"vitamin_c_suncreen_50g","value":"486"},{"attribute_code":"strikethrough","value":"1"},{"attribute_code":"short_description","value":"\u003cp\u003e\u003cspan style=\"font-weight: 400;\"\u003eProtect your skin from sun damage \u0026amp; get your daily glow up with Mamaearth Vitamin C Daily Glow Sunscreen. With SPF 50 \u0026amp; PA++++, this sunscreen gives your skin adequate sun protection without any white cast.  \u003c/span\u003e\u003c/p\u003e\r\n\u003cp\u003e\u003cspan style=\"font-weight: 400;\"\u003eCrafted with Vitamin C, the sunscreen brightens skin \u0026amp; shields it from UVA \u0026amp; UVB rays. Infused with the goodness of Turmeric, it heals damaged skin caused by sun exposure \u0026amp; revives your skin's natural glow. That's not all!  It comes with a lightweight and non-sticky texture that gets absorbed instantly without any greasy residue.   \u003c/span\u003e\u003c/p\u003e\r\n\u003cp\u003e\u003cspan style=\"font-weight: 400;\"\u003eMamaearth Vitamin C Daily Glow Sunscreen is also Made Safe certified, which means it contains no toxins or harmful chemicals. \u003c/span\u003e\u003c/p\u003e"},{"attribute_code":"attribute_value_1","value":"\u003cdiv class=\"list-banner\"\u003e\u003cimg src=\"https://images.mamaearth.in/wysiwyg/80gm_ss_new_aplus.jpg?format=auto\" alt=\"Mamaearth Vitamin C Suncreen\" /\u003e\r\n\u003cp style=\"text-align: center;\"\u003eMamaearth Vitamin C Suncreen\u003c/p\u003e\r\n\u003c/div\u003e"},{"attribute_code":"attribute_value_2","value":"\u003cul class=\"woodmart-list\"\u003e\r\n\u003cli\u003e\r\n\u003cdiv class=\"list-icon\"\u003e\u003cimg src=\"https://images.mamaearth.in/wysiwyg/27-4-22/Vitamin%20C.jpg\" alt=\"best cream for pimples and dark spots\" /\u003e\u003c/div\u003e\r\n\u003cspan class=\"list-content\" style=\"text-align: justify;\"\u003e\u003cstrong\u003e Vitamin C :\u003c/strong\u003eLoaded with antioxidants, it brightens skin \u0026 protects it from UV rays.\r\n\u003c/span\u003e\u003c/li\u003e\r\n\u003cli\u003e\r\n\u003cdiv class=\"list-icon\"\u003e\u003cimg src=\"https://images.mamaearth.in/wysiwyg/27-4-22/Turmeric.jpg\" alt=\"cream for spots on face\" /\u003e\u003c/div\u003e\r\n\u003cspan class=\"list-content\" style=\"text-align: justify;\"\u003e\u003cstrong\u003eTurmeric :\u003c/strong\u003ePacked with anti-inflammatory benefits, it heals sunburn \u0026 adds glow.\u003c/span\u003e\u003c/li\u003e\r\n\u003c/ul\u003e"},{"attribute_code":"attribute_value_3","value":"\u003cul\u003e\r\n\u003cli\u003e\u003cspan class=\"list-content\"\u003e\u003cstrong\u003eStep 1 : \u003c/strong\u003eTake an adequate amount.\u003c/span\u003e\u003c/li\u003e\r\n\u003cli\u003e\u003cspan class=\"list-content\"\u003e\u003cstrong\u003eStep 2 : \u003c/strong\u003eApply on sun-exposed areas.\u003c/span\u003e\u003c/li\u003e\r\n\u003cli\u003e\u003cspan class=\"list-content\"\u003e\u003cstrong\u003eStep 3 : \u003c/strong\u003eMassage it until it’s absorbed.\u003c/span\u003e\u003c/li\u003e\r\n\u003cli\u003e\u003cspan class=\"list-content\"\u003e\u003cstrong\u003eStep 4 : \u003c/strong\u003eReapply every 6 hours for complete protection.\r\n\u003c/span\u003e\u003c/li\u003e\r\n\r\n\u003c/ul\u003e"},{"attribute_code":"attribute_value_4","value":"\u003cul style=\"list-style: disc; padding-left: 1em;\"\u003e\r\n\u003cli\u003e\u003cspan class=\"list-content\"\u003eMen and women of age 18 years and above \u003c/span\u003e\u003c/li\u003e\r\n\u003cli\u003e\u003cspan class=\"list-content\"\u003eSuitable for all skin types\u003c/span\u003e\u003c/li\u003e\r\n\u003c/ul\u003e"},{"attribute_code":"attribute_value_5","value":"\u003cul class=\"compare-list\"\u003e\r\n\u003cli\u003e\r\n\u003cdiv class=\"compare-content\"\u003e\r\n\u003cul\u003e\r\n\u003cli\u003eSPF 50 \u0026amp; \u003cspan style=\"font-weight: 400;\"\u003ePA++++\u003c/span\u003e Protection\u003c/li\u003e\r\n\u003cli\u003eBrightens Skin\u003c/li\u003e\r\n\u003cli\u003eRevives Natural Glow\u003c/li\u003e\r\n\u003cli\u003eLightweight \u0026amp; Non-Sticky\u003c/li\u003e\r\n\u003cli\u003eMade Safe Certified\u003c/li\u003e\r\n\u003cli\u003eSuitable For All Skin Types\u003c/li\u003e\r\n\u003cli\u003eDermatologically Tested\u003c/li\u003e\r\n\u003cli\u003eCruelty-Free\u003c/li\u003e\r\n\u003cli\u003eToxin-Free \u0026amp; No Harmful Chemicals\u003c/li\u003e\r\n\u003c/ul\u003e\r\n\u003c/div\u003e\r\n\u003c/li\u003e\r\n\u003cli\u003e\r\n\u003cdiv class=\"compare-content\"\u003e\r\n\u003cul\u003e\r\n\u003cli\u003eNot Enough Sun Protection\u003c/li\u003e\r\n\u003cli\u003eDoes Not Brighten Skin\u003c/li\u003e\r\n\u003cli\u003eDoes Not Revive Natural Glow\u003c/li\u003e\r\n\u003cli\u003eSticky \u0026amp; Heavy\u003c/li\u003e\r\n\u003cli\u003eNot Made Safe Certified\u003c/li\u003e\r\n\u003cli\u003eNot Suitable for All Skin Types\u003c/li\u003e\r\n\u003cli\u003eNot Dermatologically Tested\u003c/li\u003e\r\n\u003cli\u003eNot Cruelty-free\u003c/li\u003e\r\n\u003cli\u003eContains Harmful Chemicals\u003c/li\u003e\r\n\u003c/ul\u003e\r\n\u003c/div\u003e\r\n\u003c/li\u003e\r\n\u003c/ul\u003e"},{"attribute_code":"attribute_value_6","value":"\u003ctable\u003e\r\n\u003ctbody\u003e\r\n\u003ctr\u003e\r\n\u003ctd\u003e\r\n\u003cp\u003e\u003cstrong\u003eIngredient\u003c/strong\u003e\u003c/p\u003e\r\n\u003c/td\u003e\r\n\u003ctd\u003e\r\n\u003cp\u003e\u003cstrong\u003eType\u003c/strong\u003e\u003c/p\u003e\r\n\u003c/td\u003e\r\n\u003ctd\u003e\r\n\u003cp\u003e\u003cstrong\u003eWhere Is It From\u003c/strong\u003e\u003c/p\u003e\r\n\u003c/td\u003e\r\n\u003ctd\u003e\r\n\u003cp\u003e\u003cstrong\u003eHow It Helps\u003c/strong\u003e\u003c/p\u003e\r\n\u003c/td\u003e\r\n\u003c/tr\u003e\r\n\u003ctr\u003e\r\n\u003ctd\u003e\r\n\u003cp\u003e\u003cspan style=\"font-weight: 400;\"\u003eAqua\u003c/span\u003e\u003c/p\u003e\r\n\u003c/td\u003e\r\n\u003ctd\u003e\r\n\u003cp\u003e\u003cspan style=\"font-weight: 400;\"\u003eNatural\u003c/span\u003e\u003c/p\u003e\r\n\u003c/td\u003e\r\n\u003ctd\u003e\r\n\u003cp\u003e\u003cspan style=\"font-weight: 400;\"\u003eWater\u003c/span\u003e\u003c/p\u003e\r\n\u003c/td\u003e\r\n\u003ctd\u003e\r\n\u003cp\u003e\u003cspan style=\"font-weight: 400;\"\u003eDiluent\u003c/span\u003e\u003c/p\u003e\r\n\u003c/td\u003e\r\n\u003c/tr\u003e\r\n\u003ctr\u003e\r\n\u003ctd\u003e\r\n\u003cp\u003e\u003cspan style=\"font-weight: 400;\"\u003eOctisalate\u003c/span\u003e\u003c/p\u003e\r\n\u003c/td\u003e\r\n\u003ctd\u003e\r\n\u003cp\u003e\u003cspan style=\"font-weight: 400;\"\u003eSynthetic\u003c/span\u003e\u003c/p\u003e\r\n\u003c/td\u003e\r\n\u003ctd\u003e\r\n\u003cp\u003e\u003cspan style=\"font-weight: 400;\"\u003eLab Synthesized\u003c/span\u003e\u003c/p\u003e\r\n\u003c/td\u003e\r\n\u003ctd\u003e\r\n\u003cp\u003e\u003cspan style=\"font-weight: 400;\"\u003eUV Absorber\u003c/span\u003e\u003c/p\u003e\r\n\u003c/td\u003e\r\n\u003c/tr\u003e\r\n\u003ctr\u003e\r\n\u003ctd\u003e\r\n\u003cp\u003e\u003cspan style=\"font-weight: 400;\"\u003eC12-15 Alkyl Benzoate\u003c/span\u003e\u003c/p\u003e\r\n\u003c/td\u003e\r\n\u003ctd\u003e\r\n\u003cp\u003e\u003cspan style=\"font-weight: 400;\"\u003eSynthetic\u003c/span\u003e\u003c/p\u003e\r\n\u003c/td\u003e\r\n\u003ctd\u003e\r\n\u003cp\u003e\u003cspan style=\"font-weight: 400;\"\u003eLab Synthesized\u003c/span\u003e\u003c/p\u003e\r\n\u003c/td\u003e\r\n\u003ctd\u003e\r\n\u003cp\u003e\u003cspan style=\"font-weight: 400;\"\u003eEmollient\u003c/span\u003e\u003c/p\u003e\r\n\u003c/td\u003e\r\n\u003c/tr\u003e\r\n\u003ctr\u003e\r\n\u003ctd\u003e\r\n\u003cp\u003e\u003cspan style=\"font-weight: 400;\"\u003eOctocrylene\u003c/span\u003e\u003c/p\u003e\r\n\u003c/td\u003e\r\n\u003ctd\u003e\r\n\u003cp\u003e\u003cspan style=\"font-weight: 400;\"\u003eSynthetic\u003c/span\u003e\u003c/p\u003e\r\n\u003c/td\u003e\r\n\u003ctd\u003e\r\n\u003cp\u003e\u003cspan style=\"font-weight: 400;\"\u003eLab Synthesized\u003c/span\u003e\u003c/p\u003e\r\n\u003c/td\u003e\r\n\u003ctd\u003e\r\n\u003cp\u003e\u003cspan style=\"font-weight: 400;\"\u003eUV Absorber\u003c/span\u003e\u003c/p\u003e\r\n\u003c/td\u003e\r\n\u003c/tr\u003e\r\n\u003ctr\u003e\r\n\u003ctd\u003e\r\n\u003cp\u003e\u003cspan style=\"font-weight: 400;\"\u003eSorbitan Stearate\u003c/span\u003e\u003c/p\u003e\r\n\u003c/td\u003e\r\n\u003ctd\u003e\r\n\u003cp\u003e\u003cspan style=\"font-weight: 400;\"\u003eSynthetic\u003c/span\u003e\u003c/p\u003e\r\n\u003c/td\u003e\r\n\u003ctd\u003e\r\n\u003cp\u003e\u003cspan style=\"font-weight: 400;\"\u003eLab Synthesized\u003c/span\u003e\u003c/p\u003e\r\n\u003c/td\u003e\r\n\u003ctd\u003e\r\n\u003cp\u003e\u003cspan style=\"font-weight: 400;\"\u003eEmulsifier\u003c/span\u003e\u003c/p\u003e\r\n\u003c/td\u003e\r\n\u003c/tr\u003e\r\n\u003ctr\u003e\r\n\u003ctd\u003e\r\n\u003cp\u003e\u003cspan style=\"font-weight: 400;\"\u003eSucrose Cocoate\u003c/span\u003e\u003c/p\u003e\r\n\u003c/td\u003e\r\n\u003ctd\u003e\r\n\u003cp\u003e\u003cspan style=\"font-weight: 400;\"\u003eNatural\u003c/span\u003e\u003c/p\u003e\r\n\u003c/td\u003e\r\n\u003ctd\u003e\r\n\u003cp\u003e\u003cspan style=\"font-weight: 400;\"\u003ePlant-Based\u003c/span\u003e\u003c/p\u003e\r\n\u003c/td\u003e\r\n\u003ctd\u003e\r\n\u003cp\u003e\u003cspan style=\"font-weight: 400;\"\u003eMoisturizer\u003c/span\u003e\u003c/p\u003e\r\n\u003c/td\u003e\r\n\u003c/tr\u003e\r\n\u003ctr\u003e\r\n\u003ctd\u003e\r\n\u003cp\u003e\u003cspan style=\"font-weight: 400;\"\u003eHomosalate\u003c/span\u003e\u003c/p\u003e\r\n\u003c/td\u003e\r\n\u003ctd\u003e\r\n\u003cp\u003e\u003cspan style=\"font-weight: 400;\"\u003eSynthetic\u003c/span\u003e\u003c/p\u003e\r\n\u003c/td\u003e\r\n\u003ctd\u003e\r\n\u003cp\u003e\u003cspan style=\"font-weight: 400;\"\u003eLab Synthesized\u003c/span\u003e\u003c/p\u003e\r\n\u003c/td\u003e\r\n\u003ctd\u003e\r\n\u003cp\u003e\u003cspan style=\"font-weight: 400;\"\u003eUV Absorber\u003c/span\u003e\u003c/p\u003e\r\n\u003c/td\u003e\r\n\u003c/tr\u003e\r\n\u003ctr\u003e\r\n\u003ctd\u003e\r\n\u003cp\u003e\u003cspan style=\"font-weight: 400;\"\u003eButyl Methoxydibenzoylmethane\u003c/span\u003e\u003c/p\u003e\r\n\u003c/td\u003e\r\n\u003ctd\u003e\r\n\u003cp\u003e\u003cspan style=\"font-weight: 400;\"\u003eSynthetic\u003c/span\u003e\u003c/p\u003e\r\n\u003c/td\u003e\r\n\u003ctd\u003e\r\n\u003cp\u003e\u003cspan style=\"font-weight: 400;\"\u003eLab Synthesized\u003c/span\u003e\u003c/p\u003e\r\n\u003c/td\u003e\r\n\u003ctd\u003e\r\n\u003cp\u003e\u003cspan style=\"font-weight: 400;\"\u003eUV Filter\u003c/span\u003e\u003c/p\u003e\r\n\u003c/td\u003e\r\n\u003c/tr\u003e\r\n\u003ctr\u003e\r\n\u003ctd\u003e\r\n\u003cp\u003e\u003cspan style=\"font-weight: 400;\"\u003eZinc\u003c/span\u003e\u003c/p\u003e\r\n\u003cp\u003e\u003cspan style=\"font-weight: 400;\"\u003eOxide\u003c/span\u003e\u003c/p\u003e\r\n\u003c/td\u003e\r\n\u003ctd\u003e\r\n\u003cp\u003e\u003cspan style=\"font-weight: 400;\"\u003eNatural\u003c/span\u003e\u003c/p\u003e\r\n\u003c/td\u003e\r\n\u003ctd\u003e\r\n\u003cp\u003e\u003cspan style=\"font-weight: 400;\"\u003ePlant-Based\u003c/span\u003e\u003c/p\u003e\r\n\u003c/td\u003e\r\n\u003ctd\u003e\r\n\u003cp\u003e\u003cspan style=\"font-weight: 400;\"\u003eAntioxidant \u0026amp; Skin-Soothing Agent\u003c/span\u003e\u003c/p\u003e\r\n\u003c/td\u003e\r\n\u003c/tr\u003e\r\n\u003ctr\u003e\r\n\u003ctd\u003e\r\n\u003cp\u003e\u003cspan style=\"font-weight: 400;\"\u003eCetearyl Ethylhexanoate\u003c/span\u003e\u003c/p\u003e\r\n\u003c/td\u003e\r\n\u003ctd\u003e\r\n\u003cp\u003e\u003cspan style=\"font-weight: 400;\"\u003eSynthetic\u003c/span\u003e\u003c/p\u003e\r\n\u003c/td\u003e\r\n\u003ctd\u003e\r\n\u003cp\u003e\u003cspan style=\"font-weight: 400;\"\u003eLab Synthesized\u003c/span\u003e\u003c/p\u003e\r\n\u003c/td\u003e\r\n\u003ctd\u003e\r\n\u003cp\u003e\u003cspan style=\"font-weight: 400;\"\u003eMoisturizer and Emollient\u003c/span\u003e\u003c/p\u003e\r\n\u003c/td\u003e\r\n\u003c/tr\u003e\r\n\u003ctr\u003e\r\n\u003ctd\u003e\r\n\u003cp\u003e\u003cspan style=\"font-weight: 400;\"\u003ePropylene Glycol\u003c/span\u003e\u003c/p\u003e\r\n\u003c/td\u003e\r\n\u003ctd\u003e\r\n\u003cp\u003e\u003cspan style=\"font-weight: 400;\"\u003eSynthetic\u003c/span\u003e\u003c/p\u003e\r\n\u003c/td\u003e\r\n\u003ctd\u003e\r\n\u003cp\u003e\u003cspan style=\"font-weight: 400;\"\u003eLab Synthesized\u003c/span\u003e\u003c/p\u003e\r\n\u003c/td\u003e\r\n\u003ctd\u003e\r\n\u003cp\u003e\u003cspan style=\"font-weight: 400;\"\u003eTexture Enhancer\u003c/span\u003e\u003c/p\u003e\r\n\u003c/td\u003e\r\n\u003c/tr\u003e\r\n\u003ctr\u003e\r\n\u003ctd\u003e\r\n\u003cp\u003e\u003cspan style=\"font-weight: 400;\"\u003eCetearyl Alcohol\u003c/span\u003e\u003c/p\u003e\r\n\u003c/td\u003e\r\n\u003ctd\u003e\r\n\u003cp\u003e\u003cspan style=\"font-weight: 400;\"\u003eNatural\u003c/span\u003e\u003c/p\u003e\r\n\u003c/td\u003e\r\n\u003ctd\u003e\r\n\u003cp\u003e\u003cspan style=\"font-weight: 400;\"\u003ePlant-Based\u003c/span\u003e\u003c/p\u003e\r\n\u003c/td\u003e\r\n\u003ctd\u003e\r\n\u003cp\u003e\u003cspan style=\"font-weight: 400;\"\u003eThickening Agent\u003c/span\u003e\u003c/p\u003e\r\n\u003c/td\u003e\r\n\u003c/tr\u003e\r\n\u003ctr\u003e\r\n\u003ctd\u003e\r\n\u003cp\u003e\u003cspan style=\"font-weight: 400;\"\u003eGlyceryl Stearate\u003c/span\u003e\u003c/p\u003e\r\n\u003c/td\u003e\r\n\u003ctd\u003e\r\n\u003cp\u003e\u003cspan style=\"font-weight: 400;\"\u003eNatural\u003c/span\u003e\u003c/p\u003e\r\n\u003c/td\u003e\r\n\u003ctd\u003e\r\n\u003cp\u003e\u003cspan style=\"font-weight: 400;\"\u003ePlant-based\u003c/span\u003e\u003c/p\u003e\r\n\u003c/td\u003e\r\n\u003ctd\u003e\r\n\u003cp\u003e\u003cspan style=\"font-weight: 400;\"\u003eEmulsifying and Stabilizing Agent\u003c/span\u003e\u003c/p\u003e\r\n\u003c/td\u003e\r\n\u003c/tr\u003e\r\n\u003ctr\u003e\r\n\u003ctd\u003e\r\n\u003cp\u003e\u003cspan style=\"font-weight: 400;\"\u003eGlycerin\u003c/span\u003e\u003c/p\u003e\r\n\u003c/td\u003e\r\n\u003ctd\u003e\r\n\u003cp\u003e\u003cspan style=\"font-weight: 400;\"\u003eNatural\u003c/span\u003e\u003c/p\u003e\r\n\u003c/td\u003e\r\n\u003ctd\u003e\r\n\u003cp\u003e\u003cspan style=\"font-weight: 400;\"\u003ePlant-Based\u003c/span\u003e\u003c/p\u003e\r\n\u003c/td\u003e\r\n\u003ctd\u003e\r\n\u003cp\u003e\u003cspan style=\"font-weight: 400;\"\u003eHumectant\u003c/span\u003e\u003c/p\u003e\r\n\u003c/td\u003e\r\n\u003c/tr\u003e\r\n\u003ctr\u003e\r\n\u003ctd\u003e\r\n\u003cp\u003e\u003cspan style=\"font-weight: 400;\"\u003eHydroxyethyl Acrylate/Sodium Acryloyldimethyl\u003c/span\u003e\u003c/p\u003e\r\n\u003cp\u003e\u003cspan style=\"font-weight: 400;\"\u003eTaurate Copolymer\u003c/span\u003e\u003c/p\u003e\r\n\u003c/td\u003e\r\n\u003ctd\u003e\r\n\u003cp\u003e\u003cspan style=\"font-weight: 400;\"\u003eSynthetic\u003c/span\u003e\u003c/p\u003e\r\n\u003c/td\u003e\r\n\u003ctd\u003e\r\n\u003cp\u003e\u003cspan style=\"font-weight: 400;\"\u003eLab Synthesized\u003c/span\u003e\u003c/p\u003e\r\n\u003c/td\u003e\r\n\u003ctd\u003e\r\n\u003cp\u003e\u003cspan style=\"font-weight: 400;\"\u003eTexture Enhancer\u003c/span\u003e\u003c/p\u003e\r\n\u003c/td\u003e\r\n\u003c/tr\u003e\r\n\u003ctr\u003e\r\n\u003ctd\u003e\r\n\u003cp\u003e\u003cspan style=\"font-weight: 400;\"\u003ePhenoxyethanol\u003c/span\u003e\u003c/p\u003e\r\n\u003c/td\u003e\r\n\u003ctd\u003e\r\n\u003cp\u003e\u003cspan style=\"font-weight: 400;\"\u003eNatural\u003c/span\u003e\u003c/p\u003e\r\n\u003c/td\u003e\r\n\u003ctd\u003e\r\n\u003cp\u003e\u003cspan style=\"font-weight: 400;\"\u003ePlant-Based\u003c/span\u003e\u003c/p\u003e\r\n\u003c/td\u003e\r\n\u003ctd\u003e\r\n\u003cp\u003e\u003cspan style=\"font-weight: 400;\"\u003eNatural Preservative\u003c/span\u003e\u003c/p\u003e\r\n\u003c/td\u003e\r\n\u003c/tr\u003e\r\n\u003ctr\u003e\r\n\u003ctd\u003e\r\n\u003cp\u003e\u003cspan style=\"font-weight: 400;\"\u003eEthylhexyl\u003c/span\u003e\u003c/p\u003e\r\n\u003cp\u003e\u003cspan style=\"font-weight: 400;\"\u003eTriazone \u003c/span\u003e\u003c/p\u003e\r\n\u003c/td\u003e\r\n\u003ctd\u003e\r\n\u003cp\u003e\u003cspan style=\"font-weight: 400;\"\u003eSynthetic\u003c/span\u003e\u003c/p\u003e\r\n\u003c/td\u003e\r\n\u003ctd\u003e\r\n\u003cp\u003e\u003cspan style=\"font-weight: 400;\"\u003eLab Synthesized\u003c/span\u003e\u003c/p\u003e\r\n\u003c/td\u003e\r\n\u003ctd\u003e\r\n\u003cp\u003e\u003cspan style=\"font-weight: 400;\"\u003eSun Protection\u003c/span\u003e\u003c/p\u003e\r\n\u003c/td\u003e\r\n\u003c/tr\u003e\r\n\u003ctr\u003e\r\n\u003ctd\u003e\r\n\u003cp\u003e\u003cspan style=\"font-weight: 400;\"\u003eTinosorb-M\u003c/span\u003e\u003c/p\u003e\r\n\u003c/td\u003e\r\n\u003ctd\u003e\r\n\u003cp\u003e\u003cspan style=\"font-weight: 400;\"\u003eSynthetic\u003c/span\u003e\u003c/p\u003e\r\n\u003c/td\u003e\r\n\u003ctd\u003e\r\n\u003cp\u003e\u003cspan style=\"font-weight: 400;\"\u003eLab-Synthesized\u003c/span\u003e\u003c/p\u003e\r\n\u003c/td\u003e\r\n\u003ctd\u003e\r\n\u003cp\u003e\u003cspan style=\"font-weight: 400;\"\u003eUV Filter\u003c/span\u003e\u003c/p\u003e\r\n\u003c/td\u003e\r\n\u003c/tr\u003e\r\n\u003ctr\u003e\r\n\u003ctd\u003e\r\n\u003cp\u003e\u003cspan style=\"font-weight: 400;\"\u003eTurmeric Root Extract\u003c/span\u003e\u003c/p\u003e\r\n\u003c/td\u003e\r\n\u003ctd\u003e\r\n\u003cp\u003e\u003cspan style=\"font-weight: 400;\"\u003eNatural\u003c/span\u003e\u003c/p\u003e\r\n\u003c/td\u003e\r\n\u003ctd\u003e\r\n\u003cp\u003e\u003cspan style=\"font-weight: 400;\"\u003ePlant-based\u003c/span\u003e\u003c/p\u003e\r\n\u003c/td\u003e\r\n\u003ctd\u003e\r\n\u003cp\u003e\u003cspan style=\"font-weight: 400;\"\u003eAntioxidant\u003c/span\u003e\u003c/p\u003e\r\n\u003c/td\u003e\r\n\u003c/tr\u003e\r\n\u003ctr\u003e\r\n\u003ctd\u003e\r\n\u003cp\u003e\u003cspan style=\"font-weight: 400;\"\u003eOrange Peel Extract (Vitamin C)\u003c/span\u003e\u003c/p\u003e\r\n\u003c/td\u003e\r\n\u003ctd\u003e\r\n\u003cp\u003e\u003cspan style=\"font-weight: 400;\"\u003eNatural\u003c/span\u003e\u003c/p\u003e\r\n\u003c/td\u003e\r\n\u003ctd\u003e\r\n\u003cp\u003e\u003cspan style=\"font-weight: 400;\"\u003ePlant-Based\u003c/span\u003e\u003c/p\u003e\r\n\u003c/td\u003e\r\n\u003ctd\u003e\r\n\u003cp\u003e\u003cspan style=\"font-weight: 400;\"\u003eRemoves Tan\u003c/span\u003e\u003c/p\u003e\r\n\u003c/td\u003e\r\n\u003c/tr\u003e\r\n\u003ctr\u003e\r\n\u003ctd\u003e\r\n\u003cp\u003e\u003cspan style=\"font-weight: 400;\"\u003e Lemon Fruit Extract\u003c/span\u003e\u003c/p\u003e\r\n\u003c/td\u003e\r\n\u003ctd\u003e\r\n\u003cp\u003e\u003cspan style=\"font-weight: 400;\"\u003eNatural\u003c/span\u003e\u003c/p\u003e\r\n\u003c/td\u003e\r\n\u003ctd\u003e\r\n\u003cp\u003e\u003cspan style=\"font-weight: 400;\"\u003ePlant-Based\u003c/span\u003e\u003c/p\u003e\r\n\u003c/td\u003e\r\n\u003ctd\u003e\r\n\u003cp\u003e\u003cspan style=\"font-weight: 400;\"\u003eBrightens Skin\u003c/span\u003e\u003c/p\u003e\r\n\u003c/td\u003e\r\n\u003c/tr\u003e\r\n\u003ctr\u003e\r\n\u003ctd\u003e\r\n\u003cp\u003e\u003cspan style=\"font-weight: 400;\"\u003eButylated HydroxyToluene\u003c/span\u003e\u003c/p\u003e\r\n\u003c/td\u003e\r\n\u003ctd\u003e\r\n\u003cp\u003e\u003cspan style=\"font-weight: 400;\"\u003eNatural\u003c/span\u003e\u003c/p\u003e\r\n\u003c/td\u003e\r\n\u003ctd\u003e\r\n\u003cp\u003e\u003cspan style=\"font-weight: 400;\"\u003ePlant-Based\u003c/span\u003e\u003c/p\u003e\r\n\u003c/td\u003e\r\n\u003ctd\u003e\r\n\u003cp\u003e\u003cspan style=\"font-weight: 400;\"\u003ePreservatives\u003c/span\u003e\u003c/p\u003e\r\n\u003c/td\u003e\r\n\u003c/tr\u003e\r\n\u003ctr\u003e\r\n\u003ctd\u003e\r\n\u003cp\u003e\u003cspan style=\"font-weight: 400;\"\u003eDisodium EDTA\u003c/span\u003e\u003c/p\u003e\r\n\u003c/td\u003e\r\n\u003ctd\u003e\r\n\u003cp\u003e\u003cspan style=\"font-weight: 400;\"\u003eSynthetic\u003c/span\u003e\u003c/p\u003e\r\n\u003c/td\u003e\r\n\u003ctd\u003e\r\n\u003cp\u003e\u003cspan style=\"font-weight: 400;\"\u003eLab Synthesized\u003c/span\u003e\u003c/p\u003e\r\n\u003c/td\u003e\r\n\u003ctd\u003e\r\n\u003cp\u003e\u003cspan style=\"font-weight: 400;\"\u003ePreservative\u003c/span\u003e\u003c/p\u003e\r\n\u003c/td\u003e\r\n\u003c/tr\u003e\r\n\u003ctr\u003e\r\n\u003ctd\u003e\r\n\u003cp\u003e\u003cspan style=\"font-weight: 400;\"\u003eCitric Acid\u003c/span\u003e\u003c/p\u003e\r\n\u003c/td\u003e\r\n\u003ctd\u003e\r\n\u003cp\u003e\u003cspan style=\"font-weight: 400;\"\u003eNatural\u003c/span\u003e\u003c/p\u003e\r\n\u003c/td\u003e\r\n\u003ctd\u003e\r\n\u003cp\u003e\u003cspan style=\"font-weight: 400;\"\u003ePlant-Based\u003c/span\u003e\u003c/p\u003e\r\n\u003c/td\u003e\r\n\u003ctd\u003e\r\n\u003cp\u003e\u003cspan style=\"font-weight: 400;\"\u003eExfoliant\u003c/span\u003e\u003c/p\u003e\r\n\u003c/td\u003e\r\n\u003c/tr\u003e\r\n\u003ctr\u003e\r\n\u003ctd\u003e\r\n\u003cp\u003e\u003cspan style=\"font-weight: 400;\"\u003eIFRA Certified Allergen Free\u003c/span\u003e\u003c/p\u003e\r\n\u003cp\u003e\u003cspan style=\"font-weight: 400;\"\u003eFragrance\u003c/span\u003e\u003c/p\u003e\r\n\u003c/td\u003e\r\n\u003ctd\u003e\r\n\u003cp\u003e\u003cspan style=\"font-weight: 400;\"\u003eSynthetic\u003c/span\u003e\u003c/p\u003e\r\n\u003c/td\u003e\r\n\u003ctd\u003e\r\n\u003cp\u003e\u003cspan style=\"font-weight: 400;\"\u003eLab Synthesized\u003c/span\u003e\u003c/p\u003e\r\n\u003c/td\u003e\r\n\u003ctd\u003e\r\n\u003cp\u003e\u003cspan style=\"font-weight: 400;\"\u003eFragrance\u003c/span\u003e\u003c/p\u003e\r\n\u003c/td\u003e\r\n\u003c/tr\u003e\r\n\u003c/tbody\u003e\r\n\u003c/table\u003e"},{"attribute_code":"attribute_value_7","value":"\u003cdiv id=\"faqs\"\u003e\r\n\u003cp\u003eHow Often Should I Apply This Sunscreen?\u003c/p\u003e\r\n\u003cp\u003eIt’s recommended that you apply the Vitamin C Daily Glow Sunscreen every 6 hours.\u003c/p\u003e\r\n\u003cp\u003eCan I Use This Sunscreen on My Body?\u003c/p\u003e\r\n\u003cp\u003eYes, you can use Vitamin C Daily Glow Sunscreen on your body.\u003c/p\u003e\r\n\u003cp\u003eWill It Make My Skin Oily?\u003c/p\u003e\r\n\u003cp\u003eNot at all. Its lightweight and non-sticky formula gets absorbed into the skin quickly, leaving no residue or greasiness.\u003c/p\u003e\r\n\u003cp\u003eWill This Work on Sensitive Skin?\u003c/p\u003e\r\n\u003cp\u003eYes, the Vitamin C Daily Glow Sunscreen is crafted with the goodness of natural ingredients such as Vitamin C \u0026amp; Turmeric, making it suitable for all skin types.\u003c/p\u003e\r\n\u003cp\u003eShould I apply it on wet or dry skin?\u003c/p\u003e\r\n\u003cp\u003eUse the Vitamin C Daily Glow Sunscreen on clean and dry skin.\u003c/p\u003e\r\n\u003cp\u003eHow to use Vitamin C Glow Sunscreen?\u003c/p\u003e\r\n\u003cp\u003eHere are the directions to use Mamaearth Vitamin C Daily Glow Sunscreen. First, take a generous amount of this sunscreen on your palm and then apply it on sun-exposed body parts like hands and neck. Now, gently massage it until this sun-protecting cream is completely absorbed. Reapply every 6 hours for assured and complete protection.\u003c/p\u003e\r\n\u003cp\u003eWhy use sunscreen with Vitamin C?\u003c/p\u003e\r\n\u003cp\u003eMamaearth’s Vitamin C Daily Glow Sunscreen comes with naturally nourishing ingredients like Vitamin C and Turmeric to offer complete protection to your skin without causing any harm. This toxin-free sunscreen offers SPF 50 \u0026amp; \u003cspan style=\"font-weight: 400;\"\u003ePA++++\u003c/span\u003e protection and brightens your skin naturally. Also, it is free from harmful toxins like Parabens, Sulphates, SLS, SLES, and artificial fragrances- and is Made Safe-certified.\u003c/p\u003e\r\n\u003cp\u003eWhat are the benefits of this natural glow sunscreen?\u003c/p\u003e\r\n\u003cp\u003eMamaearth Daily Glow Sunscreen has nourishing skin benefits that protect your skin from the harmful external aggressors of the environment. It provides SPF 50 \u0026amp; \u003cspan style=\"font-weight: 400;\"\u003ePA++++\u003c/span\u003e protection and promotes a brighter and even skin tone. It revives your natural glow and comes with anti-aging benefits for your skin. The best part about this sunscreen is it is toxin-free, cruelty-free, and MadeSafe Certified.\u003c/p\u003e\r\n\u003cp\u003eWhat are the ingredients of this sunscreen with Vitamin C?\u003c/p\u003e\r\n\u003cp\u003eMamaearth Vitamin C Daily Glow Sunscreen has the key benefits of Vitamin C \u0026amp; Turmeric, and several other natural ingredients. You can check the remaining ingredients in the ingredient list on the product packaging.\u003c/p\u003e\r\n\u003cp\u003eWhat is good for face skin glow?\u003c/p\u003e\r\n\u003cp\u003eYour face needs regular cleansing with the best and most natural skincare products, along with a change in your hectic lifestyle. For ages, Turmeric and Vitamin C have been considered very beneficial in our skincare routines. Vitamin C helps fight sun damage, and Turmeric helps deeply exfoliate your skin from within and removes all the impurities caused by environmental pollutants. Therefore, experts recommend incorporating a good face cream with the goodness of Vitamin C and Turmeric for glowing and radiant skin. One such example is Mamaearth Vitamin C Daily Glow Face Cream. It comes with the goodness of Vitamin C and Turmeric that help give your skin the daily dose of nourishment and care it deserves.\u003c/p\u003e\r\n\u003cp\u003eHow can I naturally glow up?\u003c/p\u003e\r\n\u003cp\u003eA positive change in one's mental, physical, and emotional state is known as a \"glow-up.\" Both planned, and natural glow-ups are possible in addition to being quick and transient or slow and persistent. Your body will benefit from all that nutrition if you consume a healthy, nutrient-rich diet. It helps eliminate puffy eyes and dark circles under your eyes if you sleep well every night and stay hydrated. Wearing sunglasses and SPF to protect yourself from the sun are just two of the many things you can do to shield yourself from harm in the future. Skincare products with potent ingredients like vitamin C can also be used to fix damage that has already occurred.\u003c/p\u003e\r\n\u003cp\u003eWhich vitamin is for skin brightening?\u003c/p\u003e\r\n\u003cp\u003eVitamin C is the most recommended vitamin for skin brightening. Experts believe that Vitamin C helps in the brightening process by preparing the skin cells and increasing their susceptibility to the effects of glutathione. Furthermore, studies indicate that vitamin C alone may have some brightening effects.\u003c/p\u003e\r\n\u003cp\u003eWhat are the five benefits of Vitamin C?\u003c/p\u003e\r\n\u003cp\u003eVitamin C has various essential benefits to serve our skin. It is one of the safest ingredients that helps deeply hydrate our skin. It also helps brighten our skin from within and reduces redness, hyperpigmentation, and the appearance of under-eye dark circles. It promotes collagen production and prevents premature aging. A perfect addition to your everyday skincare products for glowing and radiant skin.\u003c/p\u003e\r\n\u003cp\u003eCan I wear Vitamin C in the sun?\u003c/p\u003e\r\n\u003cp\u003eUnlike other active ingredients like retinol and hydroxy acids, Vitamin C does not accelerate skin burning or isn’t prone to sun damage. As an antioxidant, this vitamin helps shield the skin from the sun’s harmful UV rays.\u003c/p\u003e\r\n\u003c/div\u003e"},{"attribute_code":"tag_keywords","value":"Daily Glow Sunscreen,Sunscreen,Vitamin C ,Antioxidants,Turmeric,Non-Sticky,Lightweight,Glowing Skin,Bright Skin,Sun Protection,SPF 50,PA+++ Protection"},{"attribute_code":"meta_keyword","value":"Vitamin C Daily Glow Sunscreen With Vitamin C \u0026 Turmeric for Sun Protection \u0026 Glow - 80 g"}],"hide_in_front":0,"image":"/v/i/vit_c_glow_sunscreen1_white_bg.jpg","imageAltTags":[],"is_in_stock":true,"name":"Vitamin C Daily Glow Sunscreen With Vitamin C \u0026 Turmeric for Sun Protection \u0026 Glow - 80 g","position":"3","price":"499.00","product_card_tags":"SPF 50 \u0026 PA++++ Protection | Adds Natural Glow","review_count":157,"sku":"8904417311501","special_price":"","tags":"best-seller","url_key":"vitamin-c-daily-glow-sunscreen-with-vitamin-c-turmeric-for-sun-protection-glow-80-g","configurable_option":{"attribute_id":283,"option_id":486,"attribute_label":"Vitamin_C_Suncreen_50g","title":"80 gm","swatch_data":{"swatch_id":718,"option_id":486,"store_id":1,"type":0,"value":"80 gm"}},"siblings":[{"id":779,"sku":"8904417305258","name":"Vitamin C Daily Glow Sunscreen with Vitamin C \u0026 Turmeric for Sun Protection \u0026 Glow - 50 g","url_key":"vitamin-c-daily-glow-sunscreen-with-vitamin-c-turmeric-for-sun-protection-glow-50-g","price":"349.00","is_in_stock":true,"custom_attributes":[{"attribute_code":"saving_scheme","value":"price_per_100_gm"},{"attribute_code":"volume","value":"50"}],"special_price":"","parent_id":1170,"attribute_id":283,"option_id":299,"parent_sku":"395050924","attribute_label":"Vitamin_C_Suncreen_50g","title":"50 gm","swatch_data":{"swatch_id":415,"option_id":299,"store_id":1,"type":0,"value":"50 gm"}},{"id":970,"sku":"8904417308853","name":"Vitamin C Daily Glow Sunscreen With Vitamin C \u0026 Turmeric for Sun Protection \u0026 Glow - 50 g - Pack of 2","url_key":"vitamin-c-daily-glow-sunscreen-with-vitamin-c-turmeric-for-sun-protection-glow-50-g-pack-of-2","price":"698.00","is_in_stock":true,"custom_attributes":[{"attribute_code":"saving_scheme","value":"price_per_100_gm"},{"attribute_code":"volume","value":"100"}],"special_price":"453.00","parent_id":1170,"attribute_id":283,"option_id":487,"parent_sku":"395050924","attribute_label":"Vitamin_C_Suncreen_50g","title":"50 gm (Pack of 2)","swatch_data":{"swatch_id":720,"option_id":487,"store_id":1,"type":0,"value":"50 gm (Pack of 2)"},"special_from_date":{"date":"2025-05-24 00:01:00","timezone_type":3,"timezone":"Asia/Kolkata"}},{"id":1206,"sku":"8904417313871","name":"Vitamin C Daily Glow Sunscreen With Vitamin C \u0026 Turmeric for Sun Protection \u0026 Glow - 80 g (Pack of 2)","url_key":"vitamin-c-daily-glow-sunscreen-with-vitamin-c-turmeric-for-sun-protection-glow-80-g-pack-of-2","price":"998.00","is_in_stock":true,"custom_attributes":[{"attribute_code":"saving_scheme","value":"price_per_100_gm"},{"attribute_code":"volume","value":"160"}],"special_price":"648.00","parent_id":1170,"attribute_id":283,"option_id":488,"parent_sku":"395050924","attribute_label":"Vitamin_C_Suncreen_50g","title":"80 gm (Pack of 2)","swatch_data":{"swatch_id":722,"option_id":488,"store_id":1,"type":0,"value":"80 gm (Pack of 2)"},"special_from_date":{"date":"2025-05-24 00:01:00","timezone_type":3,"timezone":"Asia/Kolkata"}}],"product_subtitle_keys":["Buy 1 Get 1 FREE"," Tan Protection"," Bestseller"," Sunscreen"],"size":"80g","unitPrice":"6.24/g","old_productid":"1146","generic_name":null},{"id":259,"tier_prices":[],"avg_rating_percent":97,"categories":[21,18,51,5,80,24,23,139,218,103,31,354,358,129,131,133,128,391,419,440,441,435],"configurable_option":{"attribute_id":284,"option_id":401,"attribute_label":"Vitamin_C_Face_Wash","title":"250ml","swatch_data":{"swatch_id":594,"option_id":401,"store_id":1,"type":0,"value":"250ml"}},"created_at":"2021-03-25 13:36:52","custom_attributes":[{"attribute_code":"manufacturer","value":"VA Lifesciences LLP, Plot No. 9D, Sector - 2, Parwanoo, Himachal Pradesh, 173220, India"},{"attribute_code":"meta_title","value":"Vitamin C Face Wash for Skin Illumination -250ml "},{"attribute_code":"meta_description","value":"Mamaearth Vitamin C Face Wash for skin Illumination. This face wash is created with the goodness of Vitamin C and Turmeric has brightening your skin properties."},{"attribute_code":"image","value":"/v/i/vit-c-face-wash-1.jpg"},{"attribute_code":"small_image","value":"/v/i/vit-c-face-wash-1.jpg"},{"attribute_code":"thumbnail","value":"/v/i/vit-c-face-wash-1.jpg"},{"attribute_code":"options_container","value":"container2"},{"attribute_code":"small_image_label","value":"vitamin c face wash\r\n"},{"attribute_code":"thumbnail_label","value":"vitamin c face wash\r\n"},{"attribute_code":"country_of_manufacture","value":"IN"},{"attribute_code":"url_key","value":"vitamin-c-face-wash-with-vitamin-c-and-turmeric-for-skin-illumination-250ml"},{"attribute_code":"msrp_display_actual_price_type","value":"0"},{"attribute_code":"gift_message_available","value":"2"},{"attribute_code":"swatch_image","value":"/v/i/vit-c-face-wash-1.jpg"},{"attribute_code":"attribute_label_1","value":"Results of Mamaearth Vitamin C Face Wash"},{"attribute_code":"attribute_label_2","value":"Key Ingredients"},{"attribute_code":"attribute_label_3","value":"How to Use"},{"attribute_code":"attribute_label_4","value":"Who can Use"},{"attribute_code":"attribute_label_5","value":"Why Mamaearth"},{"attribute_code":"attribute_label_6","value":"Ingredient List"},{"attribute_code":"attribute_label_7","value":"FAQS"},{"attribute_code":"best_before","value":"24 Months"},{"attribute_code":"dimensions","value":"10 * 5 * 5 cm"},{"attribute_code":"mrp","value":"449"},{"attribute_code":"old_productid","value":"329"},{"attribute_code":"weight_when_packed","value":"0.5"},{"attribute_code":"tags","value":"best-seller"},{"attribute_code":"marketed_by","value":"Honasa Consumer Limited, 10th and 11th Floor, Capital Cyberscape, Sector 59, Gurugram, Haryana, 122101"},{"attribute_code":"live_url","value":"https://mamaearth.in/product/vitamin-c-face-wash-with-vitamin-c-and-turmeric-for-skin-illumination-250ml"},{"attribute_code":"license_no","value":"HIM/COS/20/305"},{"attribute_code":"length","value":"10"},{"attribute_code":"google_category","value":"2915"},{"attribute_code":"cms_sequence","value":"1,2,3,4,5,6,7,8"},{"attribute_code":"width","value":"5"},{"attribute_code":"height","value":"5"},{"attribute_code":"breadcrumb_category","value":"51","title":"Best Face Wash for Men \u0026 Women ","url_key":"face-wash"},{"attribute_code":"custom_product_type","value":"be_face"},{"attribute_code":"brand","value":"4"},{"attribute_code":"product_card_tags","value":"Brightens Skin | Promotes Even Skin Tone"},{"attribute_code":"saving_scheme","value":"price_per_100_ml"},{"attribute_code":"product_subtitle_keys","value":"Buy 1 Get 1 FREE, Bestseller, Facewash"},{"attribute_code":"product_card_background_colour","value":"#FBF4FF"},{"attribute_code":"is_suitable_for_skin_type","value":"465","label":"normal"},{"attribute_code":"skin_goals","value":"469,471","label":"bright skin, cleansing"},{"attribute_code":"tax_class_id","value":"2"},{"attribute_code":"create_scarcity","value":"0"},{"attribute_code":"hide_product_infront","value":"0"},{"attribute_code":"show_in_feed","value":"1"},{"attribute_code":"base_category","value":"86"},{"attribute_code":"base_sub_category","value":"65"},{"attribute_code":"key_ingredient","value":"501"},{"attribute_code":"show_price_per_unit","value":"1"},{"attribute_code":"volume","value":"250"},{"attribute_code":"enable_fbt_popup","value":"0"},{"attribute_code":"vitamin_c_face_wash","value":"401"},{"attribute_code":"strikethrough","value":"1"},{"attribute_code":"tag_keywords","value":"Vitamin C, Turmeric, Face Wash, Skin, Cleanser, Natural, Safe, Antioxidant, Anti-Inflammatory, Brightening, Healthy"},{"attribute_code":"short_description","value":"\u003cp dir=\"ltr\"\u003e\u003cspan\u003eThe first step in a skincare routine, cleansing or washing your face, helps eliminate excess oil, dirt, and lethargy.\u003c/span\u003e\u003c/p\u003e\r\n\u003cp dir=\"ltr\"\u003e\u003cspan\u003eMamaearth Vitamin C Face Wash with Vitamin C and Turmeric's goodness has brightening properties to give your skin a natural glow. It also helps in skin repair by boosting collagen production and blood circulation, leaving the skin radiant and healthy. Perfect for daily use, this face wash suits all skin types, retains moisture, controls excess oil, and fights free radical damage.\u0026nbsp;\u003c/span\u003e\u003c/p\u003e\r\n\u003cp dir=\"ltr\"\u003e\u003cspan\u003eDermatologically tested, this Vitamin C Face Wash has no harmful chemicals and is free of Toxins, Parabens, and Mineral Oils.\u003c/span\u003e\u003c/p\u003e\r\n\u003cdiv\u003e\u003cspan\u003e\u003cbr /\u003e\u003c/span\u003e\u003c/div\u003e"},{"attribute_code":"attribute_value_1","value":"\u003cul class=\"result-list\"\u003e\r\n\u003cli\u003e\r\n\u003cdiv class=\"result-img\"\u003e\u003cimg src=\"https://images.mamaearth.in/wysiwyg/Natural_Ingredients_So0xfb8.jpg\" alt=\"vitamin c face wash Brightens Skin\" /\u003e\u003c/div\u003e\r\n\u003ch2\u003eBrightens Skin\u003c/h2\u003e\r\n\u003cspan class=\"result-content\" style=\"padding: 0; text-align: center;\"\u003eVitamin C helps brighten the complexion while promoting collagen synthesis to give your skin youthful suppleness.\u003c/span\u003e\u003c/li\u003e\r\n\u003cli\u003e\r\n\u003cdiv class=\"result-img\"\u003e\u003cimg src=\"https://images.mamaearth.in/wysiwyg/Promotes_Even_Skin_Tone_GwydA8p.jpg\" alt=\"mamaearth vitamin c face wash Promotes Even Skin Tone\" /\u003e\u003c/div\u003e\r\n\u003ch2\u003ePromotes Even Skin Tone\u003c/h2\u003e\r\n\u003cspan class=\"result-content\" style=\"padding: 0; text-align: center;\"\u003eThe antioxidative properties of Vitamin C and Turmeric reverse sun damage and even out skin tone.\u003c/span\u003e\u003c/li\u003e\r\n\u003cli\u003e\r\n\u003cdiv class=\"result-img\"\u003e\u003cimg src=\"https://images.mamaearth.in/wysiwyg/Fights_Free_Radical_Damage.jpg\" alt=\"mamaearth vitamin c face wash Fights Free Radical Damage\" /\u003e\u003c/div\u003e\r\n\u003ch2\u003eFights Free Radical Damage\u003c/h2\u003e\r\n\u003cspan class=\"result-content\" style=\"padding: 0; text-align: center;\"\u003eVitamin C is excellent at fighting free radical damage keeping your skin healthy and radiant.\u003c/span\u003e\u003c/li\u003e\r\n\u003c/ul\u003e"},{"attribute_code":"attribute_value_2","value":"\u003cul class=\"woodmart-list\"\u003e\r\n\u003cli\u003e\r\n\u003cdiv class=\"list-icon\"\u003e\u003cimg src=\"https://images.mamaearth.in/wysiwyg/Vitamin_C_p43CqRZ.jpg\" alt=\"vitamin c face wash \" /\u003e\u003c/div\u003e\r\n\u003cspan class=\"list-content\" style=\"text-align: justify;\"\u003e\u003cstrong\u003e Vitamin c : \u003c/strong\u003eAlong with fighting sun damage and providing radiance, Vitamin C also helps in smoothing and firming the skin by encouraging new skin cells' regeneration.\u003c/span\u003e\u003c/li\u003e\r\n\u003cli\u003e\r\n\u003cdiv class=\"list-icon\"\u003e\u003cimg src=\"https://images.mamaearth.in/wysiwyg/Turmeric_WmqmIto.jpg\" alt=\"Turmeric for skin\" /\u003e\u003c/div\u003e\r\n\u003cspan class=\"list-content\" style=\"text-align: justify;\"\u003e\u003cstrong\u003eTurmeric : \u003c/strong\u003eWith anti-inflammatory and antiseptic properties, Turmeric protects the skin naturally. It revives the skin by bringing out its natural glow while delaying premature aging.\u003c/span\u003e\u003c/li\u003e\r\n\u003cli\u003e\r\n\u003cdiv class=\"list-icon\"\u003e\u003cimg src=\"https://images.mamaearth.in/wysiwyg/Aloe_Vera_Extract.jpg\" alt=\"mamaearth vitamin c face wash with aloe vera \" /\u003e\u003c/div\u003e\r\n\u003cspan class=\"list-content\" style=\"text-align: justify;\"\u003e\u003cstrong\u003eAloe Vera : \u003c/strong\u003eIt has excellent antimicrobial, anti-inflammatory, and skin healing properties. Aloe Vera soothes and deeply moisturizes the skin while boosting blood flow.\u003c/span\u003e\u003c/li\u003e\r\n\u003c/ul\u003e"},{"attribute_code":"attribute_value_3","value":"\u003cul\u003e\r\n\u003cli\u003e\u003cspan class=\"list-content\"\u003e\u003cstrong\u003eStep 1 :\u0026nbsp;\u003c/strong\u003e\u003cspan id=\"docs-internal-guid-5714b57d-7fff-99c7-615c-e158408fee9e\"\u003ePump out a small amount, apply on wet face and gently massage with your fingertips in a circular motion.\u003c/span\u003e\u003c/span\u003e\u003c/li\u003e\r\n\u003cli\u003e\u003cspan class=\"list-content\"\u003e\u003cstrong\u003eStep 2 :\u0026nbsp;\u003c/strong\u003e\u003cspan id=\"docs-internal-guid-145531f4-7fff-403a-1ade-616628a9f044\"\u003eConcentrate on forehead, nose, and chin. Rinse off with water and pat dry.\u003c/span\u003e\u003c/span\u003e\u003c/li\u003e\r\n\u003cli\u003e\u003cspan class=\"list-content\"\u003e\u003cstrong\u003eStep 3 :\u0026nbsp;\u003c/strong\u003e\u003cspan id=\"docs-internal-guid-d151f5b1-7fff-71a8-a795-6e2a52438b65\"\u003eAvoid contact with eyes.\u003c/span\u003e\u003c/span\u003e\u003c/li\u003e\r\n\u003c/ul\u003e"},{"attribute_code":"attribute_value_4","value":"\u003cul style=\"list-style: disc; padding-left: 1em;\"\u003e\r\n\u003cli\u003e\u003cspan id=\"docs-internal-guid-65a8ccc4-7fff-0138-f6e8-45bccea643d2\"\u003e\u003cspan\u003eMen and women of age 15 years and above\u003c/span\u003e\u003c/span\u003e\u003c/li\u003e\r\n\u003cli\u003e\r\n\u003cdiv class=\"list-icon fa fa-check\"\u003e\u003cspan id=\"docs-internal-guid-ced7f3ec-7fff-5ebf-fe29-6716e587a3f4\"\u003e\u003cspan\u003eThe face wash is suitable for all skin types\u003c/span\u003e\u003c/span\u003e\u003c/div\u003e\r\n\u003c/li\u003e\r\n\u003c/ul\u003e"},{"attribute_code":"attribute_value_5","value":"\u003cul class=\"compare-list\"\u003e\r\n\u003cli\u003e\r\n\u003cdiv class=\"compare-img\"\u003e\u003cimg src=\"https://images.mamaearth.in/wysiwyg/Vitamin-C-Face-Wash-1200x1200.jpg\" alt=\"Why Is Mamaearth Vitamin C Face Wash Better Than Others Available in The Market\" /\u003e\u003c/div\u003e\r\n\u003cdiv class=\"compare-content\"\u003e\r\n\u003cul\u003e\r\n\u003cli\u003eEvens Skin Tone\u003c/li\u003e\r\n\u003cli\u003eFights Free Radical Damage\u003c/li\u003e\r\n\u003cli\u003eKeeps Skin Clean, Clear \u0026amp; Healthy\u003c/li\u003e\r\n\u003cli\u003eSuitable For All Skin Types\u003c/li\u003e\r\n\u003cli\u003eDermatologically Tested\u003c/li\u003e\r\n\u003cli\u003eNatural Ingredients\u003c/li\u003e\r\n\u003c/ul\u003e\r\n\u003c/div\u003e\r\n\u003c/li\u003e\r\n\u003cli\u003e\r\n\u003cdiv class=\"compare-img\"\u003e\u003cimg src=\"https://images.mamaearth.in/wysiwyg/demo.jpg\" alt=\"Mamaearth Vitamin C Face Wash Better Than Others\" /\u003e\u003c/div\u003e\r\n\u003cdiv class=\"compare-content\"\u003e\r\n\u003cul\u003e\r\n\u003cli\u003eNo Effect On Skin Tone\u003c/li\u003e\r\n\u003cli\u003eNo Effect On Free Radicals\u003c/li\u003e\r\n\u003cli\u003eCauses Dryness \u0026amp; Irritates Skin\u003c/li\u003e\r\n\u003cli\u003eReacts On Sensitive Skin\u003c/li\u003e\r\n\u003cli\u003eNot Tested Dermatologically\u003c/li\u003e\r\n\u003cli\u003eContains Harmful Chemicals\u003c/li\u003e\r\n\u003c/ul\u003e\r\n\u003c/div\u003e\r\n\u003c/li\u003e\r\n\u003c/ul\u003e"},{"attribute_code":"attribute_value_6","value":"\u003cp dir=\"ltr\"\u003e\u0026nbsp;\u003c/p\u003e\r\n\u003cdiv dir=\"ltr\" align=\"left\"\u003e\r\n\u003ctable\u003e\u003ccolgroup\u003e\u003ccol width=\"217\" /\u003e\u003ccol width=\"123\" /\u003e\u003ccol width=\"142\" /\u003e\u003ccol width=\"161\" /\u003e\u003c/colgroup\u003e\r\n\u003ctbody\u003e\r\n\u003ctr\u003e\r\n\u003ctd\u003e\r\n\u003cp dir=\"ltr\"\u003e\u003cspan\u003eIngredients\u003c/span\u003e\u003c/p\u003e\r\n\u003c/td\u003e\r\n\u003ctd\u003e\r\n\u003cp dir=\"ltr\"\u003e\u003cspan\u003eType\u003c/span\u003e\u003c/p\u003e\r\n\u003c/td\u003e\r\n\u003ctd\u003e\r\n\u003cp dir=\"ltr\"\u003e\u003cspan\u003eWhere Is It From?\u003c/span\u003e\u003c/p\u003e\r\n\u003c/td\u003e\r\n\u003ctd\u003e\r\n\u003cp dir=\"ltr\"\u003e\u003cspan\u003eHow It Helps?\u003c/span\u003e\u003c/p\u003e\r\n\u003c/td\u003e\r\n\u003c/tr\u003e\r\n\u003ctr\u003e\r\n\u003ctd\u003e\r\n\u003cp dir=\"ltr\"\u003e\u003cspan\u003eAqua\u003c/span\u003e\u003c/p\u003e\r\n\u003c/td\u003e\r\n\u003ctd\u003e\r\n\u003cp dir=\"ltr\"\u003e\u003cspan\u003eNatural\u003c/span\u003e\u003c/p\u003e\r\n\u003c/td\u003e\r\n\u003ctd\u003e\r\n\u003cp dir=\"ltr\"\u003e\u003cspan\u003eWater\u003c/span\u003e\u003c/p\u003e\r\n\u003c/td\u003e\r\n\u003ctd\u003e\r\n\u003cp dir=\"ltr\"\u003e\u003cspan\u003eDiluent\u003c/span\u003e\u003c/p\u003e\r\n\u003c/td\u003e\r\n\u003c/tr\u003e\r\n\u003ctr\u003e\r\n\u003ctd\u003e\r\n\u003cp dir=\"ltr\"\u003e\u003cspan\u003eSodium Lauroyl Sarcosinate\u003c/span\u003e\u003c/p\u003e\r\n\u003c/td\u003e\r\n\u003ctd\u003e\r\n\u003cp dir=\"ltr\"\u003e\u003cspan\u003eNatural\u003c/span\u003e\u003c/p\u003e\r\n\u003c/td\u003e\r\n\u003ctd\u003e\r\n\u003cp dir=\"ltr\"\u003e\u003cspan\u003ePlant-Based\u0026nbsp;\u003c/span\u003e\u003c/p\u003e\r\n\u003c/td\u003e\r\n\u003ctd\u003e\r\n\u003cp dir=\"ltr\"\u003e\u003cspan\u003e\u0026nbsp;Surfactant\u003c/span\u003e\u003c/p\u003e\r\n\u003c/td\u003e\r\n\u003c/tr\u003e\r\n\u003ctr\u003e\r\n\u003ctd\u003e\r\n\u003cp dir=\"ltr\"\u003e\u003cspan\u003eDisodium Cocoamphodiacetate\u003c/span\u003e\u003c/p\u003e\r\n\u003c/td\u003e\r\n\u003ctd\u003e\r\n\u003cp dir=\"ltr\"\u003e\u003cspan\u003eNatural\u003c/span\u003e\u003c/p\u003e\r\n\u003c/td\u003e\r\n\u003ctd\u003e\r\n\u003cp dir=\"ltr\"\u003e\u003cspan\u003eCoconut Fatty Acids\u003c/span\u003e\u003c/p\u003e\r\n\u003c/td\u003e\r\n\u003ctd\u003e\r\n\u003cp dir=\"ltr\"\u003e\u003cspan\u003eSurfactant\u003c/span\u003e\u003c/p\u003e\r\n\u003c/td\u003e\r\n\u003c/tr\u003e\r\n\u003ctr\u003e\r\n\u003ctd\u003e\r\n\u003cp dir=\"ltr\"\u003e\u003cspan\u003eGlycerin\u003c/span\u003e\u003c/p\u003e\r\n\u003c/td\u003e\r\n\u003ctd\u003e\r\n\u003cp dir=\"ltr\"\u003e\u003cspan\u003eNatural\u003c/span\u003e\u003c/p\u003e\r\n\u003c/td\u003e\r\n\u003ctd\u003e\r\n\u003cp dir=\"ltr\"\u003e\u003cspan\u003ePlant-Based\u0026nbsp;\u003c/span\u003e\u003c/p\u003e\r\n\u003c/td\u003e\r\n\u003ctd\u003e\r\n\u003cp dir=\"ltr\"\u003e\u003cspan\u003eMoisturizer\u003c/span\u003e\u003c/p\u003e\r\n\u003c/td\u003e\r\n\u003c/tr\u003e\r\n\u003ctr\u003e\r\n\u003ctd\u003e\r\n\u003cp dir=\"ltr\"\u003e\u003cspan\u003eSodium PCA\u003c/span\u003e\u003c/p\u003e\r\n\u003c/td\u003e\r\n\u003ctd\u003e\r\n\u003cp dir=\"ltr\"\u003e\u003cspan\u003eNatural\u003c/span\u003e\u003c/p\u003e\r\n\u003c/td\u003e\r\n\u003ctd\u003e\u003cbr /\u003e\r\n\u003cp dir=\"ltr\"\u003e\u003cspan\u003eGlutamic Acid\u003c/span\u003e\u003c/p\u003e\r\n\u003c/td\u003e\r\n\u003ctd\u003e\u003cbr /\u003e\r\n\u003cp dir=\"ltr\"\u003e\u003cspan\u003eSkin\u0026nbsp;Conditioning Agent\u003c/span\u003e\u003c/p\u003e\r\n\u003c/td\u003e\r\n\u003c/tr\u003e\r\n\u003ctr\u003e\r\n\u003ctd\u003e\r\n\u003cp dir=\"ltr\"\u003e\u003cspan\u003eCocamidopropyl Betaine\u003c/span\u003e\u003c/p\u003e\r\n\u003c/td\u003e\r\n\u003ctd\u003e\r\n\u003cp dir=\"ltr\"\u003e\u003cspan\u003eNatural\u003c/span\u003e\u003c/p\u003e\r\n\u003c/td\u003e\r\n\u003ctd\u003e\r\n\u003cp dir=\"ltr\"\u003e\u003cspan\u003eCoconut Fatty Acids\u003c/span\u003e\u003c/p\u003e\r\n\u003c/td\u003e\r\n\u003ctd\u003e\r\n\u003cp dir=\"ltr\"\u003e\u003cspan\u003eSurfactant\u003c/span\u003e\u003c/p\u003e\r\n\u003c/td\u003e\r\n\u003c/tr\u003e\r\n\u003ctr\u003e\r\n\u003ctd\u003e\r\n\u003cp dir=\"ltr\"\u003e\u003cspan\u003eTurmeric Extract\u003c/span\u003e\u003c/p\u003e\r\n\u003c/td\u003e\r\n\u003ctd\u003e\r\n\u003cp dir=\"ltr\"\u003e\u003cspan\u003eNatural\u003c/span\u003e\u003c/p\u003e\r\n\u003c/td\u003e\r\n\u003ctd\u003e\r\n\u003cp dir=\"ltr\"\u003e\u003cspan\u003ePlant Derived\u003c/span\u003e\u003c/p\u003e\r\n\u003c/td\u003e\r\n\u003ctd\u003e\r\n\u003cp dir=\"ltr\"\u003e\u003cspan\u003eAnti-Inflammatory \u0026amp; Antioxidant\u003c/span\u003e\u003c/p\u003e\r\n\u003c/td\u003e\r\n\u003c/tr\u003e\r\n\u003ctr\u003e\r\n\u003ctd\u003e\r\n\u003cp dir=\"ltr\"\u003e\u003cspan\u003eCastor Oil\u003c/span\u003e\u003c/p\u003e\r\n\u003c/td\u003e\r\n\u003ctd\u003e\r\n\u003cp dir=\"ltr\"\u003e\u003cspan\u003eNatural\u003c/span\u003e\u003c/p\u003e\r\n\u003c/td\u003e\r\n\u003ctd\u003e\u003cbr /\u003e\r\n\u003cp dir=\"ltr\"\u003e\u003cspan\u003eMonounsaturated Fatty Acid\u003c/span\u003e\u003c/p\u003e\r\n\u003c/td\u003e\r\n\u003ctd\u003e\r\n\u003cp dir=\"ltr\"\u003e\u003cspan\u003eMoisturizer\u003c/span\u003e\u003c/p\u003e\r\n\u003c/td\u003e\r\n\u003c/tr\u003e\r\n\u003ctr\u003e\r\n\u003ctd\u003e\r\n\u003cp dir=\"ltr\"\u003e\u003cspan\u003eLemon Oil\u003c/span\u003e\u003c/p\u003e\r\n\u003c/td\u003e\r\n\u003ctd\u003e\r\n\u003cp dir=\"ltr\"\u003e\u003cspan\u003eNatural\u003c/span\u003e\u003c/p\u003e\r\n\u003c/td\u003e\r\n\u003ctd\u003e\r\n\u003cp dir=\"ltr\"\u003e\u003cspan\u003eCold-Pressed Lemons\u003c/span\u003e\u003c/p\u003e\r\n\u003c/td\u003e\r\n\u003ctd\u003e\r\n\u003cp dir=\"ltr\"\u003e\u003cspan\u003eDisinfectant\u003c/span\u003e\u003c/p\u003e\r\n\u003c/td\u003e\r\n\u003c/tr\u003e\r\n\u003ctr\u003e\r\n\u003ctd\u003e\r\n\u003cp dir=\"ltr\"\u003e\u003cspan\u003eMagnesium Ascorbyl Phosphate\u003c/span\u003e\u003c/p\u003e\r\n\u003c/td\u003e\r\n\u003ctd\u003e\r\n\u003cp dir=\"ltr\"\u003e\u003cspan\u003eSynthetic\u003c/span\u003e\u003c/p\u003e\r\n\u003c/td\u003e\r\n\u003ctd\u003e\u003cbr /\u003e\r\n\u003cp dir=\"ltr\"\u003e\u003cspan\u003eAscorbic Acid\u0026nbsp;Magnesium\u003c/span\u003e\u003c/p\u003e\r\n\u003c/td\u003e\r\n\u003ctd\u003e\r\n\u003cp dir=\"ltr\"\u003e\u003cspan\u003eAnti-Inflammatory, Antioxidant\u003c/span\u003e\u003c/p\u003e\r\n\u003c/td\u003e\r\n\u003c/tr\u003e\r\n\u003ctr\u003e\r\n\u003ctd\u003e\r\n\u003cp dir=\"ltr\"\u003e\u003cspan\u003ePotassium Sorbate\u003c/span\u003e\u003c/p\u003e\r\n\u003c/td\u003e\r\n\u003ctd\u003e\r\n\u003cp dir=\"ltr\"\u003e\u003cspan\u003eLab Synthesized\u003c/span\u003e\u003c/p\u003e\r\n\u003c/td\u003e\r\n\u003ctd\u003e\u003cbr /\u003e\r\n\u003cp dir=\"ltr\"\u003e\u003cspan\u003eBerries\u003c/span\u003e\u003c/p\u003e\r\n\u003c/td\u003e\r\n\u003ctd\u003e\r\n\u003cp dir=\"ltr\"\u003e\u003cspan\u003ePreservative, Antimicrobial Agent\u003c/span\u003e\u003c/p\u003e\r\n\u003c/td\u003e\r\n\u003c/tr\u003e\r\n\u003ctr\u003e\r\n\u003ctd\u003e\r\n\u003cp dir=\"ltr\"\u003e\u003cspan\u003eD Panthenol\u003c/span\u003e\u003c/p\u003e\r\n\u003c/td\u003e\r\n\u003ctd\u003e\r\n\u003cp dir=\"ltr\"\u003e\u003cspan\u003eLab Synthesized\u003c/span\u003e\u003c/p\u003e\r\n\u003c/td\u003e\r\n\u003ctd\u003e\r\n\u003cp dir=\"ltr\"\u003e\u003cspan\u003eVitamin B5\u003c/span\u003e\u003c/p\u003e\r\n\u003c/td\u003e\r\n\u003ctd\u003e\r\n\u003cp dir=\"ltr\"\u003e\u003cspan\u003eMoisturizer \u0026amp; Humectant\u003c/span\u003e\u003c/p\u003e\r\n\u003c/td\u003e\r\n\u003c/tr\u003e\r\n\u003ctr\u003e\r\n\u003ctd\u003e\r\n\u003cp dir=\"ltr\"\u003e\u003cspan\u003eNeem Leaf Extract\u003c/span\u003e\u003c/p\u003e\r\n\u003c/td\u003e\r\n\u003ctd\u003e\r\n\u003cp dir=\"ltr\"\u003e\u003cspan\u003eNatural\u003c/span\u003e\u003c/p\u003e\r\n\u003c/td\u003e\r\n\u003ctd\u003e\r\n\u003cp dir=\"ltr\"\u003e\u003cspan\u003eNeem Leaves\u003c/span\u003e\u003c/p\u003e\r\n\u003c/td\u003e\r\n\u003ctd\u003e\u003cbr /\u003e\r\n\u003cp dir=\"ltr\"\u003e\u003cspan\u003eAntimicrobial\u003c/span\u003e\u003c/p\u003e\r\n\u003c/td\u003e\r\n\u003c/tr\u003e\r\n\u003ctr\u003e\r\n\u003ctd\u003e\r\n\u003cp dir=\"ltr\"\u003e\u003cspan\u003eAloe Vera Extract\u003c/span\u003e\u003c/p\u003e\r\n\u003c/td\u003e\r\n\u003ctd\u003e\r\n\u003cp dir=\"ltr\"\u003e\u003cspan\u003eNatural\u003c/span\u003e\u003c/p\u003e\r\n\u003c/td\u003e\r\n\u003ctd\u003e\r\n\u003cp dir=\"ltr\"\u003e\u003cspan\u003eAloe Vera Plant Pulp\u003c/span\u003e\u003c/p\u003e\r\n\u003c/td\u003e\r\n\u003ctd\u003e\u003cbr /\u003e\r\n\u003cp dir=\"ltr\"\u003e\u003cspan\u003eAnti-Inflammatory\u003c/span\u003e\u003c/p\u003e\r\n\u003c/td\u003e\r\n\u003c/tr\u003e\r\n\u003c/tbody\u003e\r\n\u003c/table\u003e\r\n\u003c/div\u003e"},{"attribute_code":"attribute_value_7","value":"\u003cdiv id=\"faqs\"\u003e\r\n\u003cp\u003eWhat is Vitamin C Face Wash?\u003c/p\u003e\r\n\u003cp\u003eThese days, natural skincare products are very popular. They are usually crafted with the best benefits of natural ingredients and amplify your skin’s health and appearance in every manner. One such daily skincare essential is a Vitamin C Face Wash. It is a mild and gentle cleanser that gives you healthy skin with every wash. The ideal example of a good Vitamin C cleanser is Mamaearth Vitamin C Face Wash. It comes with the amazing natural goodness of Vitamin C, Turmeric, and Aloe Vera, giving you bright and naturally nourished skin with every wash. It promotes an even skin complexion and fights free radicals effortlessly. The best part? It is free from harmful toxins and chemicals and is all skin-friendly. It can be used daily to achieve the best results.\u003c/p\u003e\r\n\u003cp\u003eWhat are the uses of Vitamin C Face Wash?\u003c/p\u003e\r\n\u003cp\u003eA good Vitamin C Face Wash usually comes with natural ingredients and long-lasting benefits that work wonders for your skin. It would help a lot if the face cleanser were free from harmful ingredients, toxins, and artificial fragrances so it doesn’t compromise your skin in any way. Let’s discuss its uses in detail: Achieve brighter skin: If you are tired of facing dull skin woes, maybe it is time to switch to a good Vitamin C Face Wash. It helps regulate melanin production within your skin and makes it look bright and naturally beautiful. Reduce hyperpigmentation: Skin troubles like hyperpigmentation call for serious attention on your side. A natural Vitamin C Face Wash helps treat hyperpigmentation without compromising your skin’s natural health and texture. Get radiant skin: If you are seeking the long-lost radiance of your skin, maybe it’s time to get some Vitamin C! A cleanser with the goodness of Vitamin C helps achieve naturally brighter, healthier skin with a long-lasting radiance. The perfect example of a natural \u0026amp; toxin-free cleanser is Mamaearth Vitamin C Face Wash. It has the natural goodness of Vitamin C, Aloe Vera, and Turmeric that help you achieve naturally healthy skin with every wash. It promotes an even skin complexion and fights free radicals effortlessly. The best part? It is free from harmful toxins and artificial fragrances and is all skin-friendly.\u003c/p\u003e\r\n\u003cp\u003eWhat are the benefits of Vitamin C Face Wash?\u003c/p\u003e\r\n\u003cp\u003eFace cleansers with the goodness of natural ingredients often have much more to offer to your skin than we know. From youthful skin to a long-lasting radiance, there is a long list that we need to take a closer look at. A good Vitamin C Face Wash also falls in the same category. It comes with a big list of lasting perks, making it the best choice for everyone. Let’s take a look at the benefits below: Promotes a brighter complexion: Are you looking for a long-term solution to dull skin troubles? Then check no further! A good Vitamin C Face Wash is your escape to healthy skin. It helps regulate the melanin production within your skin cells and makes it look brighter and better with every use. Adds a refreshing look: Does your skin feel too tired despite several added efforts? Use a Vitamin C Face Wash to give your skin a refreshed look. It is a mild, gentle cleanser that gives your skin the love and care it deserves. Treats minor skin troubles: Minor skin troubles like blemishes, fine lines, and many more can be treated by changing your skincare choices. A good Vitamin C Face Wash can make your skin look more radiant and youthful without added effort. Apart from these benefits, it also helps fight free radicals and promote an even skin tone with complete care. An ideal recommendation is Mamaearth Vitamin C Face Wash, which backs the natural goodness of Turmeric, Vitamin C, and Aloe Vera to give a nourished look to your face. It comes with skin-illuminating benefits and promotes an even complexion. The best part? This Mamaearth Vitamin C Face Wash is free from harmful chemicals, toxins, and artificial fragrances. It is all skin-friendly, reasonably priced, and easy to use.\u003c/p\u003e\r\n\u003cp\u003eHow to use Mamaearth Vitamin C Face Wash?\u003c/p\u003e\r\n\u003cp\u003eMamaearth Vitamin C Face Wash is an amazing natural face cleanser with the potent benefits of skin-benefiting ingredients like Vitamin C, Turmeric, and Aloe Vera. It comes with an easy list of directions that make it convenient to use every single time: Step 1: Wet your face: To apply a face cleanser with effortless ease, it is best to dampen your skin with lukewarm or cold water. Step 2: Apply the cleanser: Pump out a considerable amount of Mamaearth Vitamin C Face Wash and gently massage all over your face and neck in circular motions. Step 3: Rinse well: Once you’re done, rinse thoroughly and pat dry your face using a soft towel. Avoid contact with eyes.\u003c/p\u003e\r\n\u003cp\u003eIs Vitamin C Face Wash safe for the face?\u003c/p\u003e\r\n\u003cp\u003eYes, absolutely! Usually, a Vitamin C Face Cleanser comes with more natural and nourishing ingredients that enhance your facial skin’s health without you having to make any compromises. It stands free from artificial chemicals that may harm your skin in the long run and even cause skin irritation. A perfect recommendation for demonstrating this example could be Mamaearth Vitamin C Face Wash. It comes with the best natural and skin-benefiting ingredients like Vitamin C, Turmeric, and Aloe Vera to give you healthy skin with every wash. It is free from toxins and hazardous substances and is all skin-friendly.\u003c/p\u003e\r\n\u003cp\u003eWill It Make My Skin Dry?\u003c/p\u003e\r\n\u003cp\u003eNo. Mamaearth Vitamin C Face Wash contains glycerin, which will keep the skin smooth and supple after every wash.\u003c/p\u003e\r\n\u003cp\u003eIs It Suitable for All Skin Types?\u003c/p\u003e\r\n\u003cp\u003eMamaearth Vitamin C Face Wash contains natural ingredients that are considered safe for all skin types.\u003c/p\u003e\r\n\u003cp\u003eWill It Brighten My Skin Tone?\u003c/p\u003e\r\n\u003cp\u003eMamaearth Vitamin C Face Wash with the goodness of Vitamin C, Turmeric, and Aloe Vera will remove excess oil, dirt and fight free radicals, leaving your skin with a natural glow.\u003c/p\u003e\r\n\u003cp\u003eCan My Teenage Daughter Use It?\u003c/p\u003e\r\n\u003cp\u003eYes, anyone above 15 years can use the Vitamin C Face Wash for radiant skin.\u003c/p\u003e\r\n\u003cp\u003eHow Often Can I Use This?\u003c/p\u003e\r\n\u003cp\u003eUse it regularly, twice a day for best results.\u003c/p\u003e\r\n\u003cp\u003eWhat does a vitamin C cleanser do?\u003c/p\u003e\r\n\u003cp\u003eVitamin C Cleanser is a versatile skincare product that helps brighten your skin and makes it glow naturally. It works well on all skin types, helping even out skin tone and making it appear healthy inside out. However, for a Vitamin C cleanser to work well, it should be mild and toxin-free. Harsh formulations can lead to allergic reactions, so it is best to opt for safe skincare products. In this light, we recommend using Mamaearth Vitamin C Face Wash, which features Vitamin C, Turmeric, and Aloe Vera. These gentle and effective ingredients work together to give you illuminated and radiant skin with every wash. The best part? It is free from harsh toxins and artificial fragrances and is suitable for all skin types.\u003c/p\u003e\r\n\u003cp\u003eWhat are the side effects of vitamin C cleanser?\u003c/p\u003e\r\n\u003cp\u003eVitamin C is a versatile skincare ingredient that works well for all skin types. Ideally, there are no potential side effects of using Vitamin C Cleanser in your skincare. Using gentle skincare essentials made with toxin-free ingredients is safe for most people. However, we still recommend doing a patch before incorporating it in your daily skincare to rule out chances of minor issues.\u003c/p\u003e\r\n\u003cp\u003eWhen should I use vitamin C cleanser?\u003c/p\u003e\r\n\u003cp\u003eVitamin C is an indispensable part of every skincare routine. So, you can use it consistently twice a day for several weeks, especially when you feel your skin is getting dull despite added efforts. It gently wipes out impurities and grime and unclogs pores while lightening sun tan.\u003c/p\u003e\r\n\u003cp\u003eDoes vitamin C cleanser brighten skin?\u003c/p\u003e\r\n\u003cp\u003eYes, Vitamin C Cleanser helps brighten your skin and promotes an even tone. Rich in antioxidants, it also helps fight free radical damage, helping reverse signs of premature aging. However, for a Vitamin C cleanser to work well, it should be mild and toxin-free. Harsh formulations can lead to allergic reactions, so it is best to opt for safe skincare products. In this light, we recommend using Mamaearth Vitamin C Face Wash, which features Vitamin C, Turmeric, and Aloe Vera. These skin-brightening ingredients help promote even skin tone and reverse sun damage, restoring your skin’s natural glow. This cleanser offers toxin-free nourishment to your skin and is suitable for all skin types.\u003c/p\u003e\r\n\u003cp\u003eCan I use vitamin C cleanser at night?\u003c/p\u003e\r\n\u003cp\u003eVitamin C is a powerhouse of antioxidants that repair and restore your skin. Adding this versatile skincare ingredient to your nighttime skincare routine can do wonders, helping rejuvenate skin cells. So, yes, you can use Vitamin C Cleanser at night to achieve the best results from other products in your skincare.\u003c/p\u003e\r\n\u003cp\u003eIs vitamin C cleanser good for acne?\u003c/p\u003e\r\n\u003cp\u003eVitamin C is a natural skin-brightening agent that helps reduce the appearance of facial imperfections like acne scars and blemishes. It fights free radicals, allowing healthier skin cells to appear on the surface for a spotless complexion. However, if you want to target acne and breakouts, skincare experts recommend using ingredients loaded with anti-inflammatory and antibacterial properties like Tea Tree, Neem, and Aloe Vera. If you’re looking for a safe and toxin-free cleanser for acne-prone skin, we recommend you try Mamaearth Tea Tree Face Wash. It has the goodness of Neem, Tea Tree, and various other ingredients that reduce the appearance of acne and pimples and purify your skin from within. It is toxin-free and crafted especially for acne-prone skin. For best results, you may also add Vitamin C skincare products to reduce the appearance of scars and spots left behind by acne.\u003c/p\u003e\r\n\u003cp\u003e \u003c/p\u003e\r\n\u003c/div\u003e"},{"attribute_code":"meta_keyword","value":"mamaearth face wash vitamin e, mamaearth vitamin c and turmeric face wash, mamaearth vitamin c face wash price in india, vitamin c face wash,vitamin c face wash india,best vitamin c face wash,natural vitamin c face wash,vitamin c face wash for oily skin,vitamin c face wash  for acne,vitamin c face wash for dry skin,vitamin c face wash  price,vitamin c face wash  india,vitamin c face wash  buy,vitamin c face wash  review, mama vitamin c face wash, mamaearth vitamin c face wash uses, mama vitamin c face wash, mama face wash vitamin c"},{"attribute_code":"bestseller","value":"Bestseller"},{"attribute_code":"special_price","value":null},{"attribute_code":"special_from_date","value":"2025-05-20 00:00:00"}],"hide_in_front":0,"image":"/v/i/vit-c-face-wash-1.jpg","is_in_stock":true,"name":"Vitamin C Face Wash with Vitamin C and Turmeric for Skin Illumination - 250ml","position":"6","price":"499.00","product_card_tags":"Brightens Skin | Promotes Even Skin Tone","review_count":329,"siblings":[{"id":204,"sku":"8906087772859","name":"Vitamin C Face Wash with Vitamin C and Turmeric for Skin Illumination - 100ml","url_key":"vitamin-c-face-wash-with-vitamin-c-and-turmeric-for-skin-illumination-100ml","price":"269.00","is_in_stock":false,"custom_attributes":[{"attribute_code":"saving_scheme","value":"price_per_100_ml"},{"attribute_code":"volume","value":"100"}],"special_price":"","parent_id":1179,"attribute_id":284,"option_id":301,"parent_sku":"7575647","attribute_label":"Vitamin_C_Face_Wash","title":"100ml","swatch_data":{"swatch_id":419,"option_id":301,"store_id":1,"type":0,"value":"100ml"},"special_from_date":{"date":"2023-10-19 23:15:00","timezone_type":3,"timezone":"Asia/Kolkata"}},{"id":1261,"sku":"8904417312546","name":"Vitamin C Face Wash with Vitamin C and Turmeric – 150ml","url_key":"vitamin-c-face-wash-with-vitamin-c-and-turmeric-150ml","price":"399.00","is_in_stock":true,"custom_attributes":[{"attribute_code":"saving_scheme","value":"price_per_100_ml"},{"attribute_code":"volume","value":"150"}],"special_price":"","parent_id":1179,"attribute_id":284,"option_id":400,"parent_sku":"7575647","attribute_label":"Vitamin_C_Face_Wash","title":"150ml","swatch_data":{"swatch_id":592,"option_id":400,"store_id":1,"type":0,"value":"150ml"},"special_from_date":{"date":"2024-05-13 15:52:00","timezone_type":3,"timezone":"Asia/Kolkata"}},{"id":716,"sku":"8904417305425","name":"Vitamin C Face Wash with Vitamin C and Turmeric for Skin Illumination – Pack Of 2","url_key":"vitamin-c-face-wash-with-vitamin-c-and-turmeric-for-skin-illumination-pack-of-2","price":"518.00","is_in_stock":false,"custom_attributes":[{"attribute_code":"saving_scheme","value":"price_per_100_ml"},{"attribute_code":"volume","value":"200"}],"special_price":"466.00","parent_id":1179,"attribute_id":284,"option_id":402,"parent_sku":"7575647","attribute_label":"Vitamin_C_Face_Wash","title":"100ml(Pack of 2)","swatch_data":{"swatch_id":596,"option_id":402,"store_id":1,"type":0,"value":"100ml(Pack of 2)"},"special_from_date":{"date":"2025-05-24 00:01:00","timezone_type":3,"timezone":"Asia/Kolkata"}}],"sku":"8906087773924","special_price":"","special_price_from_date":{"date":"2025-05-20 05:30:00","timezone_type":3,"timezone":"Asia/Kolkata"},"tags":"best-seller","url_key":"vitamin-c-face-wash-with-vitamin-c-and-turmeric-for-skin-illumination-250ml","imageAltTags":["vitamin c face wash\r\n","vitamin c face wash benefits","best face wash for acne","250 ml face wash ingredients ","vitamin c cleanser steps to use","face wash with vitamin c"],"product_subtitle_keys":["Buy 1 Get 1 FREE"," Bestseller"," Facewash"],"size":"250ml","unitPrice":"2.00/ml","old_productid":"329","generic_name":null},{"id":1254,"tier_prices":[],"avg_rating_percent":99,"categories":[2,5,18,24,45,296,34,146,147,335,342,31,150,149,401,431,440,441,435],"created_at":"2024-04-04 05:32:02","custom_attributes":[{"attribute_code":"manufacturer","value":"(A) : Indo Herbal Products, Unit - 2, Plot No. 28-29, Sector 1B, IIE, Sidcul, Ranipur, Haridwar, India - 249403 M. : 20/C/U.A/2010 (B) : Indo Herbal Products, Plot No 17, Sector 12, IIE, SIDCUL, Haridwar, Uttarakhand, India - 249403 M. : 2/C/UA/2023"},{"attribute_code":"meta_title","value":"Beetroot Daily Glow Face Cream With Beetroot \u0026 Hyaluronic Acid - 80 g"},{"attribute_code":"meta_description","value":"Beetroot Daily Glow Face Cream With Beetroot \u0026 Hyaluronic Acid - 80 g"},{"attribute_code":"image","value":"/1/-/1-with-ingredients_11.jpg"},{"attribute_code":"small_image","value":"/1/-/1-with-ingredients_11.jpg"},{"attribute_code":"thumbnail","value":"/1/-/1-with-ingredients_11.jpg"},{"attribute_code":"options_container","value":"container2"},{"attribute_code":"country_of_manufacture","value":"IN"},{"attribute_code":"url_key","value":"beetroot-daily-glow-face-cream-80g"},{"attribute_code":"msrp_display_actual_price_type","value":"0"},{"attribute_code":"gift_message_available","value":"2"},{"attribute_code":"swatch_image","value":"/1/-/1-with-ingredients_11.jpg"},{"attribute_code":"attribute_label_1","value":"Results of  Beetroot Daily Glow Face Cream"},{"attribute_code":"attribute_label_2","value":"Hero Ingredients"},{"attribute_code":"attribute_label_3","value":"How to Use"},{"attribute_code":"attribute_label_4","value":"Suitable For"},{"attribute_code":"attribute_label_5","value":"Why Mamaearth?"},{"attribute_code":"attribute_label_6","value":"Ingredient List"},{"attribute_code":"attribute_label_7","value":"FAQs"},{"attribute_code":"best_before","value":"24 Months"},{"attribute_code":"dimensions","value":"10*5*5"},{"attribute_code":"ean_code","value":"8904417312171"},{"attribute_code":"mrp","value":"249"},{"attribute_code":"old_productid","value":"1252"},{"attribute_code":"tags","value":"best-seller"},{"attribute_code":"marketed_by","value":"Honasa Consumer Limited, 10th and 11th Floor, Capital Cyberscape, Sector 59, Gurugram, Haryana, 122101"},{"attribute_code":"live_url","value":"https://mamaearth.in/product/beetroot-daily-glow-face-cream-80g"},{"attribute_code":"license_no","value":"M. : 20/C/U.A/2010, M. : 2/C/UA/2023"},{"attribute_code":"length","value":"10"},{"attribute_code":"google_category","value":"2915"},{"attribute_code":"cms_sequence","value":"1,2,3,4,5,6,7,8"},{"attribute_code":"width","value":"5"},{"attribute_code":"height","value":"5"},{"attribute_code":"breadcrumb_category","value":"34","title":"Face Cream for Women \u0026 Men","url_key":"face-cream"},{"attribute_code":"custom_product_type","value":"be_face"},{"attribute_code":"brand","value":"4"},{"attribute_code":"product_card_tags","value":"Gives A Hydrated Pink Glow | Makes Skin Soft | Gives Instant Brightening Effect"},{"attribute_code":"saving_scheme","value":"price_per_gm"},{"attribute_code":"product_subtitle_keys","value":"Buy 1 Get 1 FREE, Face Cream, Beetroot"},{"attribute_code":"is_suitable_for_skin_type","value":"465","label":"normal"},{"attribute_code":"skin_goals","value":"467,469,472","label":"moisturization, bright skin, glow"},{"attribute_code":"tax_class_id","value":"2"},{"attribute_code":"create_scarcity","value":"0"},{"attribute_code":"hide_product_infront","value":"0"},{"attribute_code":"show_in_feed","value":"1"},{"attribute_code":"base_category","value":"86"},{"attribute_code":"base_sub_category","value":"57"},{"attribute_code":"show_price_per_unit","value":"1"},{"attribute_code":"volume","value":"80"},{"attribute_code":"enable_fbt_popup","value":"0"},{"attribute_code":"enable_product_for_wa_commerce","value":"0"},{"attribute_code":"strikethrough","value":"1"},{"attribute_code":"short_description","value":"\u003cp\u003e\u003cspan style=\"font-weight: 400;\"\u003eBow down to this revolutionary Face Cream that makes your skin feel instantly ‘\u003c/span\u003e\u003cem\u003e\u003cspan style=\"font-weight: 400;\"\u003eBeet\u003c/span\u003e\u003c/em\u003e\u003cspan style=\"font-weight: 400;\"\u003e’ter. \u003c/span\u003e\u003c/p\u003e\r\n\u003cp\u003e\u003cspan style=\"font-weight: 400;\"\u003eSay hi to Mamaearth Beetroot Daily Glow Face Cream that gives your skin a hydrated pink glow and an instant brightening effect. \u003c/span\u003e\u003c/p\u003e\r\n\u003cp\u003e\u003cspan style=\"font-weight: 400;\"\u003eEnriched with the goodness of Beetroot Extract and Hyaluronic Acid, this face cream adds much-needed hydration to your skin while making it supple, bright and naturally flushed. Lightweight and non-greasy, it easily gets absorbed into your skin, making this face cream an all-season hit. \u003c/span\u003e\u003c/p\u003e\r\n\u003cp\u003e\u003cspan style=\"font-weight: 400;\"\u003eAnd know what\u003c/span\u003e\u003cspan style=\"font-weight: 400;\"\u003e? \u003c/span\u003e\u003cspan style=\"font-weight: 400;\"\u003eOur Beetroot Daily Glow Face Cream is Made Safe Certified, which means you won’t find any Silicones, Parabens, or Mineral Oil in it.\u003c/span\u003e\u003c/p\u003e"},{"attribute_code":"attribute_value_1","value":"\u003cdiv class=\"list-banner\"\u003e\u003cimg src=\"https://images.mamaearth.in/wysiwyg/beetroot_face_cream.jpg\" alt=\"Mamaearth Beetroot Face Cream\" /\u003e\r\n\u003cp style=\"text-align: center;\"\u003eMamaearth Beetroot Face Cream\u003c/p\u003e\r\n\u003c/div\u003e"},{"attribute_code":"attribute_value_2","value":"\u003cdiv\u003e\r\n  \u003cul class=\"woodmart-list\"\u003e\r\n    \u003cli\u003e\r\n      \u003cdiv class=\"list-icon\"\u003e\r\n        \u003cimg\r\n          src=\"https://images.mamaearth.in/wysiwyg/beetrootmain.jpg\"\r\n          alt=\"Beetroot Extract\"\r\n        /\u003e\r\n      \u003c/div\u003e\r\n      \u003cspan class=\"list-content\" style=\"text-align: justify\"\r\n        \u003e\u003cstrong\u003eBeetroot Extract: \u003c/strong\u003eIt guards skin cells and gives a\r\n        healthy pink glow, naturally.\r\n      \u003c/span\u003e\r\n    \u003c/li\u003e\r\n    \u003cli\u003e\r\n      \u003cdiv class=\"list-icon\"\u003e\r\n        \u003cimg\r\n          src=\"https://images.mamaearth.in/wysiwyg/Hyaluronic-Acid.jpg\"\r\n          alt=\"Hyaluronic Acid\"\r\n        /\u003e\r\n      \u003c/div\u003e\r\n      \u003cspan class=\"list-content\" style=\"text-align: justify\"\r\n        \u003e\u003cstrong\u003eHyaluronic Acid : \u003c/strong\u003eIt helps hold moisture in your skin\r\n        and keeps it hydrated.\r\n      \u003c/span\u003e\r\n    \u003c/li\u003e\r\n    \u003cli\u003e\r\n      \u003cdiv class=\"list-icon\"\u003e\r\n        \u003cimg\r\n          src=\"https://images.mamaearth.in/wysiwyg/Niacinamide_bKBPt4Y.jpg\"\r\n          alt=\"Niacinamide\"\r\n        /\u003e\r\n      \u003c/div\u003e\r\n      \u003cspan class=\"list-content\" style=\"text-align: justify\"\r\n        \u003e\u003cstrong\u003eNiacinamide : \u003c/strong\u003eIt reduces dark spots, resulting in an\r\n        even skin tone with every wash.\r\n      \u003c/span\u003e\r\n    \u003c/li\u003e\r\n    \u003cli\u003e\r\n      \u003cdiv class=\"list-icon\"\u003e\r\n        \u003cimg\r\n          src=\"https://images.mamaearth.in/wysiwyg/Glycerin_geUYZOq.jpg\"\r\n          alt=\"Glycerin\"\r\n        /\u003e\r\n      \u003c/div\u003e\r\n      \u003cspan class=\"list-content\" style=\"text-align: justify\"\r\n        \u003e\u003cstrong\u003eGlycerin : \u003c/strong\u003eIt’s a powerful humectant that locks in\r\n        moisture and keeps skin dryness at bay.\r\n      \u003c/span\u003e\r\n    \u003c/li\u003e\r\n  \u003c/ul\u003e\r\n\u003c/div\u003e\r\n"},{"attribute_code":"attribute_value_3","value":"\u003cul\u003e\r\n\u003cli style=\"font-weight: 400;\" aria-level=\"1\"\u003e\u003cspan style=\"font-weight: 400;\"\u003e\u003cspan style=\"font-weight: 400;\"\u003eStep 1: Squeeze out a pea sized amount of the face cream.\u003c/span\u003e\u003c/span\u003e\u003c/li\u003e\r\n\u003cli style=\"font-weight: 400;\" aria-level=\"1\"\u003e\u003cspan style=\"font-weight: 400;\"\u003eStep 2: Apply evenly on your face \u0026amp; neck.\u003c/span\u003e\u003c/li\u003e\r\n\u003cli style=\"font-weight: 400;\" aria-level=\"1\"\u003e\u003cspan style=\"font-weight: 400;\"\u003eStep 3: Gently massage until absorbed fully.\u003c/span\u003e\u003c/li\u003e\r\n\u003c/ul\u003e"},{"attribute_code":"attribute_value_4","value":"\u003cul\u003e\r\n\u003cli style=\"font-weight: 400;\" aria-level=\"1\"\u003e\u003cspan style=\"font-weight: 400;\"\u003eEveryone above the age of 18 years of age can use this combo.\u003c/span\u003e\u003c/li\u003e\r\n\u003cli style=\"font-weight: 400;\" aria-level=\"1\"\u003eSuitable for all skin types.\u003c/li\u003e\r\n\u003c/ul\u003e"},{"attribute_code":"attribute_value_5","value":"\u003cul class=\"compare-list\"\u003e\r\n\u003cli\u003e\r\n\u003cdiv class=\"compare-img\"\u003e \u003c/div\u003e\r\n\u003cdiv class=\"compare-content\"\u003e\r\n\u003cul\u003e\r\n\u003cli style=\"font-weight: 400;\" aria-level=\"1\"\u003e\u003cspan style=\"font-weight: 400;\"\u003eGives A Healthy Pink Glow\u003c/span\u003e\u003c/li\u003e\r\n\u003cli style=\"font-weight: 400;\" aria-level=\"1\"\u003e\u003cspan style=\"font-weight: 400;\"\u003eKeeps Skin Hydrated \u003c/span\u003e\u003c/li\u003e\r\n\u003cli style=\"font-weight: 400;\" aria-level=\"1\"\u003e\u003cspan style=\"font-weight: 400;\"\u003eOil-Free Formula\u003c/span\u003e\u003c/li\u003e\r\n\u003cli style=\"font-weight: 400;\" aria-level=\"1\"\u003e\u003cspan style=\"font-weight: 400;\"\u003eMade Safe Certified\u003c/span\u003e\u003c/li\u003e\r\n\u003cli style=\"font-weight: 400;\" aria-level=\"1\"\u003e\u003cspan style=\"font-weight: 400;\"\u003eSuitable For All Skin Types\u003c/span\u003e\u003c/li\u003e\r\n\u003cli style=\"font-weight: 400;\" aria-level=\"1\"\u003e\u003cspan style=\"font-weight: 400;\"\u003eDermatologically Tested\u003c/span\u003e\u003c/li\u003e\r\n\u003cli style=\"font-weight: 400;\" aria-level=\"1\"\u003e\u003cspan style=\"font-weight: 400;\"\u003eCruelty-Free\u003c/span\u003e\u003c/li\u003e\r\n\u003cli style=\"font-weight: 400;\" aria-level=\"1\"\u003e\u003cspan style=\"font-weight: 400;\"\u003eToxin-Free \u0026amp; No Harmful Chemicals\u003c/span\u003e\u003c/li\u003e\r\n\u003c/ul\u003e\r\n\u003c/div\u003e\r\n\u003c/li\u003e\r\n\u003cli\u003e\r\n\u003cdiv class=\"compare-img\"\u003e \u003c/div\u003e\r\n\u003cdiv class=\"compare-content\"\u003e\r\n\u003cul\u003e\r\n\u003cli style=\"font-weight: 400;\" aria-level=\"1\"\u003e\u003cspan style=\"font-weight: 400;\"\u003eDoesn’t Add Glow\u003c/span\u003e\u003c/li\u003e\r\n\u003cli style=\"font-weight: 400;\" aria-level=\"1\"\u003e\u003cspan style=\"font-weight: 400;\"\u003eDoesn’t Hydrate Skin\u003c/span\u003e\u003c/li\u003e\r\n\u003cli style=\"font-weight: 400;\" aria-level=\"1\"\u003e\u003cspan style=\"font-weight: 400;\"\u003eMakes Skin Greasy\u003c/span\u003e\u003c/li\u003e\r\n\u003cli style=\"font-weight: 400;\" aria-level=\"1\"\u003e\u003cspan style=\"font-weight: 400;\"\u003eNot Made Safe Certified \u003c/span\u003e\u003c/li\u003e\r\n\u003cli style=\"font-weight: 400;\" aria-level=\"1\"\u003e\u003cspan style=\"font-weight: 400;\"\u003eNot Suitable for All Skin Types\u003c/span\u003e\u003c/li\u003e\r\n\u003cli style=\"font-weight: 400;\" aria-level=\"1\"\u003e\u003cspan style=\"font-weight: 400;\"\u003eNot Dermatologically Tested\u003c/span\u003e\u003c/li\u003e\r\n\u003cli style=\"font-weight: 400;\" aria-level=\"1\"\u003e\u003cspan style=\"font-weight: 400;\"\u003eNot Cruelty-free\u003c/span\u003e\u003c/li\u003e\r\n\u003cli style=\"font-weight: 400;\" aria-level=\"1\"\u003e\u003cspan style=\"font-weight: 400;\"\u003eContains Harmful Chemicals\u003c/span\u003e\u003c/li\u003e\r\n\u003c/ul\u003e\r\n\u003c/div\u003e\r\n\u003c/li\u003e\r\n\u003c/ul\u003e"},{"attribute_code":"attribute_value_6","value":"\u003ctable\u003e\r\n\u003ctbody\u003e\r\n\u003ctr\u003e\r\n\u003ctd\u003e\r\n\u003cp\u003e\u003cstrong\u003eIngredient\u003c/strong\u003e\u003c/p\u003e\r\n\u003c/td\u003e\r\n\u003ctd\u003e\r\n\u003cp\u003e\u003cstrong\u003eType\u003c/strong\u003e\u003c/p\u003e\r\n\u003c/td\u003e\r\n\u003ctd\u003e\r\n\u003cp\u003e\u003cstrong\u003eWhere Is It From\u003c/strong\u003e\u003c/p\u003e\r\n\u003c/td\u003e\r\n\u003ctd\u003e\r\n\u003cp\u003e\u003cstrong\u003eHow It Helps\u003c/strong\u003e\u003c/p\u003e\r\n\u003c/td\u003e\r\n\u003c/tr\u003e\r\n\u003ctr\u003e\r\n\u003ctd\u003e\r\n\u003cp\u003e\u003cspan style=\"font-weight: 400;\"\u003eAqua\u003c/span\u003e\u003c/p\u003e\r\n\u003c/td\u003e\r\n\u003ctd\u003e\r\n\u003cp\u003e\u003cspan style=\"font-weight: 400;\"\u003eNatural\u003c/span\u003e\u003c/p\u003e\r\n\u003c/td\u003e\r\n\u003ctd\u003e\r\n\u003cp\u003e\u003cspan style=\"font-weight: 400;\"\u003eWater\u003c/span\u003e\u003c/p\u003e\r\n\u003c/td\u003e\r\n\u003ctd\u003e\r\n\u003cp\u003e\u003cspan style=\"font-weight: 400;\"\u003eDiluent\u003c/span\u003e\u003c/p\u003e\r\n\u003c/td\u003e\r\n\u003c/tr\u003e\r\n\u003ctr\u003e\r\n\u003ctd\u003e\r\n\u003cp\u003e\u003cspan style=\"font-weight: 400;\"\u003eGlycerin\u003c/span\u003e\u003c/p\u003e\r\n\u003c/td\u003e\r\n\u003ctd\u003e\r\n\u003cp\u003e\u003cspan style=\"font-weight: 400;\"\u003eNatural\u003c/span\u003e\u003c/p\u003e\r\n\u003c/td\u003e\r\n\u003ctd\u003e\r\n\u003cp\u003e\u003cspan style=\"font-weight: 400;\"\u003ePlant-Based\u003c/span\u003e\u003c/p\u003e\r\n\u003c/td\u003e\r\n\u003ctd\u003e\r\n\u003cp\u003e\u003cspan style=\"font-weight: 400;\"\u003eHumectant\u003c/span\u003e\u003c/p\u003e\r\n\u003c/td\u003e\r\n\u003c/tr\u003e\r\n\u003ctr\u003e\r\n\u003ctd\u003e\r\n\u003cp\u003e\u003cspan style=\"font-weight: 400;\"\u003ePropylheptyl Caprylate\u003c/span\u003e\u003c/p\u003e\r\n\u003c/td\u003e\r\n\u003ctd\u003e\r\n\u003cp\u003e\u003cspan style=\"font-weight: 400;\"\u003eNatural\u003c/span\u003e\u003c/p\u003e\r\n\u003c/td\u003e\r\n\u003ctd\u003e\r\n\u003cp\u003e\u003cspan style=\"font-weight: 400;\"\u003ePlant-Based\u003c/span\u003e\u003c/p\u003e\r\n\u003c/td\u003e\r\n\u003ctd\u003e\r\n\u003cp\u003e\u003cspan style=\"font-weight: 400;\"\u003eEmollient\u003c/span\u003e\u003c/p\u003e\r\n\u003c/td\u003e\r\n\u003c/tr\u003e\r\n\u003ctr\u003e\r\n\u003ctd\u003e\r\n\u003cp\u003e\u003cspan style=\"font-weight: 400;\"\u003ePropanediol\u003c/span\u003e\u003c/p\u003e\r\n\u003c/td\u003e\r\n\u003ctd\u003e\r\n\u003cp\u003e\u003cspan style=\"font-weight: 400;\"\u003eNatural\u003c/span\u003e\u003c/p\u003e\r\n\u003c/td\u003e\r\n\u003ctd\u003e\r\n\u003cp\u003e\u003cspan style=\"font-weight: 400;\"\u003ePlant-Based\u003c/span\u003e\u003c/p\u003e\r\n\u003c/td\u003e\r\n\u003ctd\u003e\r\n\u003cp\u003e\u003cspan style=\"font-weight: 400;\"\u003eHumectant\u003c/span\u003e\u003c/p\u003e\r\n\u003c/td\u003e\r\n\u003c/tr\u003e\r\n\u003ctr\u003e\r\n\u003ctd\u003e\r\n\u003cp\u003e\u003cspan style=\"font-weight: 400;\"\u003eNiacinamide\u003c/span\u003e\u003c/p\u003e\r\n\u003c/td\u003e\r\n\u003ctd\u003e\r\n\u003cp\u003e\u003cspan style=\"font-weight: 400;\"\u003eNatural\u003c/span\u003e\u003c/p\u003e\r\n\u003c/td\u003e\r\n\u003ctd\u003e\r\n\u003cp\u003e\u003cspan style=\"font-weight: 400;\"\u003eYeast\u003c/span\u003e\u003c/p\u003e\r\n\u003c/td\u003e\r\n\u003ctd\u003e\r\n\u003cp\u003e\u003cspan style=\"font-weight: 400;\"\u003eSkin-Restoring\u003c/span\u003e\u003c/p\u003e\r\n\u003c/td\u003e\r\n\u003c/tr\u003e\r\n\u003ctr\u003e\r\n\u003ctd\u003e\r\n\u003cp\u003e\u003cspan style=\"font-weight: 400;\"\u003eC13-15 Alkane\u003c/span\u003e\u003c/p\u003e\r\n\u003c/td\u003e\r\n\u003ctd\u003e\r\n\u003cp\u003e\u003cspan style=\"font-weight: 400;\"\u003eSynthetic\u003c/span\u003e\u003c/p\u003e\r\n\u003c/td\u003e\r\n\u003ctd\u003e\r\n\u003cp\u003e\u003cspan style=\"font-weight: 400;\"\u003eLab Synthesized\u003c/span\u003e\u003c/p\u003e\r\n\u003c/td\u003e\r\n\u003ctd\u003e\r\n\u003cp\u003e\u003cspan style=\"font-weight: 400;\"\u003eSolvent\u003c/span\u003e\u003c/p\u003e\r\n\u003c/td\u003e\r\n\u003c/tr\u003e\r\n\u003ctr\u003e\r\n\u003ctd\u003e\r\n\u003cp\u003e\u003cspan style=\"font-weight: 400;\"\u003e Dicaprylyl Carbonate\u003c/span\u003e\u003c/p\u003e\r\n\u003c/td\u003e\r\n\u003ctd\u003e\r\n\u003cp\u003e\u003cspan style=\"font-weight: 400;\"\u003eSynthetic\u003c/span\u003e\u003c/p\u003e\r\n\u003c/td\u003e\r\n\u003ctd\u003e\r\n\u003cp\u003e\u003cspan style=\"font-weight: 400;\"\u003eLab Synthesized\u003c/span\u003e\u003c/p\u003e\r\n\u003c/td\u003e\r\n\u003ctd\u003e\r\n\u003cp\u003e\u003cspan style=\"font-weight: 400;\"\u003eMoisturizer\u003c/span\u003e\u003c/p\u003e\r\n\u003c/td\u003e\r\n\u003c/tr\u003e\r\n\u003ctr\u003e\r\n\u003ctd\u003e\r\n\u003cp\u003e\u003cspan style=\"font-weight: 400;\"\u003ePolyacrylate Crosspolymer-11\u003c/span\u003e\u003c/p\u003e\r\n\u003c/td\u003e\r\n\u003ctd\u003e\r\n\u003cp\u003e\u003cspan style=\"font-weight: 400;\"\u003eSynthetic\u003c/span\u003e\u003c/p\u003e\r\n\u003c/td\u003e\r\n\u003ctd\u003e\r\n\u003cp\u003e\u003cspan style=\"font-weight: 400;\"\u003eLab Synthesized\u003c/span\u003e\u003c/p\u003e\r\n\u003c/td\u003e\r\n\u003ctd\u003e\r\n\u003cp\u003e\u003cspan style=\"font-weight: 400;\"\u003eTexture Improving Agent\u003c/span\u003e\u003c/p\u003e\r\n\u003c/td\u003e\r\n\u003c/tr\u003e\r\n\u003ctr\u003e\r\n\u003ctd\u003e\r\n\u003cp\u003e\u003cspan style=\"font-weight: 400;\"\u003eIsononyl Isononanoate\u003c/span\u003e\u003c/p\u003e\r\n\u003c/td\u003e\r\n\u003ctd\u003e\u003cbr /\u003e\r\n\u003cp\u003e\u003cspan style=\"font-weight: 400;\"\u003eNatural\u003c/span\u003e\u003c/p\u003e\r\n\u003c/td\u003e\r\n\u003ctd\u003e\u003cbr /\u003e\r\n\u003cp\u003e\u003cspan style=\"font-weight: 400;\"\u003ePlant-Based\u003c/span\u003e\u003c/p\u003e\r\n\u003c/td\u003e\r\n\u003ctd\u003e\u003cbr /\u003e\r\n\u003cp\u003e\u003cspan style=\"font-weight: 400;\"\u003eEmollient\u003c/span\u003e\u003c/p\u003e\r\n\u003c/td\u003e\r\n\u003c/tr\u003e\r\n\u003ctr\u003e\r\n\u003ctd\u003e\r\n\u003cp\u003e\u003cspan style=\"font-weight: 400;\"\u003eAmmonium Acryloyldimethyltaurate\u003c/span\u003e\u003c/p\u003e\r\n\u003c/td\u003e\r\n\u003ctd\u003e\r\n\u003cp\u003e\u003cspan style=\"font-weight: 400;\"\u003eSynthetic\u003c/span\u003e\u003c/p\u003e\r\n\u003c/td\u003e\r\n\u003ctd\u003e\r\n\u003cp\u003e\u003cspan style=\"font-weight: 400;\"\u003eLab Synthesized\u003c/span\u003e\u003c/p\u003e\r\n\u003c/td\u003e\r\n\u003ctd\u003e\r\n\u003cp\u003e\u003cspan style=\"font-weight: 400;\"\u003eTexturizer\u003c/span\u003e\u003c/p\u003e\r\n\u003c/td\u003e\r\n\u003c/tr\u003e\r\n\u003ctr\u003e\r\n\u003ctd\u003e\r\n\u003cp\u003e\u003cspan style=\"font-weight: 400;\"\u003ePhenoxyethanol\u003c/span\u003e\u003c/p\u003e\r\n\u003c/td\u003e\r\n\u003ctd\u003e\r\n\u003cp\u003e\u003cspan style=\"font-weight: 400;\"\u003eNatural\u003c/span\u003e\u003c/p\u003e\r\n\u003c/td\u003e\r\n\u003ctd\u003e\r\n\u003cp\u003e\u003cspan style=\"font-weight: 400;\"\u003ePlant-Based\u003c/span\u003e\u003c/p\u003e\r\n\u003c/td\u003e\r\n\u003ctd\u003e\r\n\u003cp\u003e\u003cspan style=\"font-weight: 400;\"\u003eNatural Preservative\u003c/span\u003e\u003c/p\u003e\r\n\u003c/td\u003e\r\n\u003c/tr\u003e\r\n\u003ctr\u003e\r\n\u003ctd\u003e\r\n\u003cp\u003e\u003cspan style=\"font-weight: 400;\"\u003eEthylhexylglycerin\u003c/span\u003e\u003c/p\u003e\r\n\u003c/td\u003e\r\n\u003ctd\u003e\r\n\u003cp\u003e\u003cspan style=\"font-weight: 400;\"\u003eNatural\u003c/span\u003e\u003c/p\u003e\r\n\u003c/td\u003e\r\n\u003ctd\u003e\r\n\u003cp\u003e\u003cspan style=\"font-weight: 400;\"\u003ePlant-Based\u003c/span\u003e\u003c/p\u003e\r\n\u003c/td\u003e\r\n\u003ctd\u003e\r\n\u003cp\u003e\u003cspan style=\"font-weight: 400;\"\u003eSkin-Softening Agent\u003c/span\u003e\u003c/p\u003e\r\n\u003c/td\u003e\r\n\u003c/tr\u003e\r\n\u003ctr\u003e\r\n\u003ctd\u003e\r\n\u003cp\u003e\u003cspan style=\"font-weight: 400;\"\u003eAllantoin\u003c/span\u003e\u003c/p\u003e\r\n\u003c/td\u003e\r\n\u003ctd\u003e\r\n\u003cp\u003e\u003cspan style=\"font-weight: 400;\"\u003eSynthetic\u003c/span\u003e\u003c/p\u003e\r\n\u003c/td\u003e\r\n\u003ctd\u003e\r\n\u003cp\u003e\u003cspan style=\"font-weight: 400;\"\u003eLab-Synthesized\u003c/span\u003e\u003c/p\u003e\r\n\u003c/td\u003e\r\n\u003ctd\u003e\r\n\u003cp\u003e\u003cspan style=\"font-weight: 400;\"\u003eMoisturizer\u003c/span\u003e\u003c/p\u003e\r\n\u003c/td\u003e\r\n\u003c/tr\u003e\r\n\u003ctr\u003e\r\n\u003ctd\u003e\r\n\u003cp\u003e\u003cspan style=\"font-weight: 400;\"\u003ePentylene Glycol\u003c/span\u003e\u003c/p\u003e\r\n\u003c/td\u003e\r\n\u003ctd\u003e\r\n\u003cp\u003e\u003cspan style=\"font-weight: 400;\"\u003eSynthetic\u003c/span\u003e\u003c/p\u003e\r\n\u003c/td\u003e\r\n\u003ctd\u003e\r\n\u003cp\u003e\u003cspan style=\"font-weight: 400;\"\u003eLab-Synthesized\u003c/span\u003e\u003c/p\u003e\r\n\u003c/td\u003e\r\n\u003ctd\u003e\r\n\u003cp\u003e\u003cspan style=\"font-weight: 400;\"\u003eHumectant\u003c/span\u003e\u003c/p\u003e\r\n\u003c/td\u003e\r\n\u003c/tr\u003e\r\n\u003ctr\u003e\r\n\u003ctd\u003e\r\n\u003cp\u003e\u003cspan style=\"font-weight: 400;\"\u003eFructose Urea\u003c/span\u003e\u003c/p\u003e\r\n\u003c/td\u003e\r\n\u003ctd\u003e\r\n\u003cp\u003e\u003cspan style=\"font-weight: 400;\"\u003eSynthetic\u003c/span\u003e\u003c/p\u003e\r\n\u003c/td\u003e\r\n\u003ctd\u003e\r\n\u003cp\u003e\u003cspan style=\"font-weight: 400;\"\u003eLab-Synthesized\u003c/span\u003e\u003c/p\u003e\r\n\u003c/td\u003e\r\n\u003ctd\u003e\r\n\u003cp\u003e\u003cspan style=\"font-weight: 400;\"\u003eHumectant\u003c/span\u003e\u003c/p\u003e\r\n\u003c/td\u003e\r\n\u003c/tr\u003e\r\n\u003ctr\u003e\r\n\u003ctd\u003e\r\n\u003cp\u003e\u003cspan style=\"font-weight: 400;\"\u003eMaltose\u003c/span\u003e\u003c/p\u003e\r\n\u003c/td\u003e\r\n\u003ctd\u003e\r\n\u003cp\u003e\u003cspan style=\"font-weight: 400;\"\u003eNatural\u003c/span\u003e\u003c/p\u003e\r\n\u003c/td\u003e\r\n\u003ctd\u003e\r\n\u003cp\u003e\u003cspan style=\"font-weight: 400;\"\u003ePlant-Based\u003c/span\u003e\u003c/p\u003e\r\n\u003c/td\u003e\r\n\u003ctd\u003e\r\n\u003cp\u003e\u003cspan style=\"font-weight: 400;\"\u003eMoisturizing Agent\u003c/span\u003e\u003c/p\u003e\r\n\u003c/td\u003e\r\n\u003c/tr\u003e\r\n\u003ctr\u003e\r\n\u003ctd\u003e\r\n\u003cp\u003e\u003cspan style=\"font-weight: 400;\"\u003eSodium PCA\u003c/span\u003e\u003c/p\u003e\r\n\u003c/td\u003e\r\n\u003ctd\u003e\r\n\u003cp\u003e\u003cspan style=\"font-weight: 400;\"\u003eNatural\u003c/span\u003e\u003c/p\u003e\r\n\u003c/td\u003e\r\n\u003ctd\u003e\u003cbr /\u003e\r\n\u003cp\u003e\u003cspan style=\"font-weight: 400;\"\u003eGlutamic Acid\u003c/span\u003e\u003c/p\u003e\r\n\u003c/td\u003e\r\n\u003ctd\u003e\u003cbr /\u003e\r\n\u003cp\u003e\u003cspan style=\"font-weight: 400;\"\u003eSkin Conditioning Agent\u003c/span\u003e\u003c/p\u003e\r\n\u003c/td\u003e\r\n\u003c/tr\u003e\r\n\u003ctr\u003e\r\n\u003ctd\u003e\r\n\u003cp\u003e\u003cspan style=\"font-weight: 400;\"\u003eSodium Chloride\u003c/span\u003e\u003c/p\u003e\r\n\u003c/td\u003e\r\n\u003ctd\u003e\r\n\u003cp\u003e\u003cspan style=\"font-weight: 400;\"\u003eNatural\u003c/span\u003e\u003c/p\u003e\r\n\u003c/td\u003e\r\n\u003ctd\u003e\r\n\u003cp\u003e\u003cspan style=\"font-weight: 400;\"\u003ePlant-Based\u003c/span\u003e\u003c/p\u003e\r\n\u003c/td\u003e\r\n\u003ctd\u003e\r\n\u003cp\u003e\u003cspan style=\"font-weight: 400;\"\u003eThickening Agent\u003c/span\u003e\u003c/p\u003e\r\n\u003c/td\u003e\r\n\u003c/tr\u003e\r\n\u003ctr\u003e\r\n\u003ctd\u003e\r\n\u003cp\u003e\u003cspan style=\"font-weight: 400;\"\u003eSodium Lactate\u003c/span\u003e\u003c/p\u003e\r\n\u003c/td\u003e\r\n\u003ctd\u003e\r\n\u003cp\u003e\u003cspan style=\"font-weight: 400;\"\u003eNatural\u003c/span\u003e\u003c/p\u003e\r\n\u003c/td\u003e\r\n\u003ctd\u003e\r\n\u003cp\u003e\u003cspan style=\"font-weight: 400;\"\u003ePlant-Based\u003c/span\u003e\u003c/p\u003e\r\n\u003c/td\u003e\r\n\u003ctd\u003e\r\n\u003cp\u003e\u003cspan style=\"font-weight: 400;\"\u003eHumectant\u003c/span\u003e\u003c/p\u003e\r\n\u003c/td\u003e\r\n\u003c/tr\u003e\r\n\u003ctr\u003e\r\n\u003ctd\u003e\r\n\u003cp\u003e\u003cspan style=\"font-weight: 400;\"\u003eTrehalose\u003c/span\u003e\u003c/p\u003e\r\n\u003c/td\u003e\r\n\u003ctd\u003e\r\n\u003cp\u003e\u003cspan style=\"font-weight: 400;\"\u003eNatural\u003c/span\u003e\u003c/p\u003e\r\n\u003c/td\u003e\r\n\u003ctd\u003e\r\n\u003cp\u003e\u003cspan style=\"font-weight: 400;\"\u003ePlant-Based\u003c/span\u003e\u003c/p\u003e\r\n\u003c/td\u003e\r\n\u003ctd\u003e\r\n\u003cp\u003e\u003cspan style=\"font-weight: 400;\"\u003eHydrating Agent\u003c/span\u003e\u003c/p\u003e\r\n\u003c/td\u003e\r\n\u003c/tr\u003e\r\n\u003ctr\u003e\r\n\u003ctd\u003e\r\n\u003cp\u003e\u003cspan style=\"font-weight: 400;\"\u003eSodium\u003c/span\u003e\u003c/p\u003e\r\n\u003cp\u003e\u003cspan style=\"font-weight: 400;\"\u003eHyaluronate (Hyaluronic Acid)\u003c/span\u003e\u003c/p\u003e\r\n\u003c/td\u003e\r\n\u003ctd\u003e\r\n\u003cp\u003e\u003cspan style=\"font-weight: 400;\"\u003eNatural\u003c/span\u003e\u003c/p\u003e\r\n\u003c/td\u003e\r\n\u003ctd\u003e\r\n\u003cp\u003e\u003cspan style=\"font-weight: 400;\"\u003ePlant-Based\u003c/span\u003e\u003c/p\u003e\r\n\u003c/td\u003e\r\n\u003ctd\u003e\r\n\u003cp\u003e\u003cspan style=\"font-weight: 400;\"\u003eHydrating Agent\u003c/span\u003e\u003c/p\u003e\r\n\u003c/td\u003e\r\n\u003c/tr\u003e\r\n\u003ctr\u003e\r\n\u003ctd\u003e\r\n\u003cp\u003e\u003cspan style=\"font-weight: 400;\"\u003eGlucose\u003c/span\u003e\u003c/p\u003e\r\n\u003cp\u003e\u003cspan style=\"font-weight: 400;\"\u003e(Hydroviton® PLUS)\u003c/span\u003e\u003c/p\u003e\r\n\u003c/td\u003e\r\n\u003ctd\u003e\r\n\u003cp\u003e\u003cspan style=\"font-weight: 400;\"\u003eNatural \u003c/span\u003e\u003c/p\u003e\r\n\u003c/td\u003e\r\n\u003ctd\u003e\r\n\u003cp\u003e\u003cspan style=\"font-weight: 400;\"\u003ePlant-Based\u003c/span\u003e\u003c/p\u003e\r\n\u003c/td\u003e\r\n\u003ctd\u003e\r\n\u003cp\u003e\u003cspan style=\"font-weight: 400;\"\u003eHumectant\u003c/span\u003e\u003c/p\u003e\r\n\u003c/td\u003e\r\n\u003c/tr\u003e\r\n\u003ctr\u003e\r\n\u003ctd\u003e\r\n\u003cp\u003e\u003cspan style=\"font-weight: 400;\"\u003eSodium Gluconate\u003c/span\u003e\u003c/p\u003e\r\n\u003c/td\u003e\r\n\u003ctd\u003e\r\n\u003cp\u003e\u003cspan style=\"font-weight: 400;\"\u003eNatural \u003c/span\u003e\u003c/p\u003e\r\n\u003c/td\u003e\r\n\u003ctd\u003e\r\n\u003cp\u003e\u003cspan style=\"font-weight: 400;\"\u003ePlant-Based\u003c/span\u003e\u003c/p\u003e\r\n\u003c/td\u003e\r\n\u003ctd\u003e\r\n\u003cp\u003e\u003cspan style=\"font-weight: 400;\"\u003eChelating Agent\u003c/span\u003e\u003c/p\u003e\r\n\u003c/td\u003e\r\n\u003c/tr\u003e\r\n\u003ctr\u003e\r\n\u003ctd\u003e\r\n\u003cp\u003e\u003cspan style=\"font-weight: 400;\"\u003eBetaine\u003c/span\u003e\u003c/p\u003e\r\n\u003c/td\u003e\r\n\u003ctd\u003e\r\n\u003cp\u003e\u003cspan style=\"font-weight: 400;\"\u003eNatural\u003c/span\u003e\u003c/p\u003e\r\n\u003c/td\u003e\r\n\u003ctd\u003e\r\n\u003cp\u003e\u003cspan style=\"font-weight: 400;\"\u003ePlant-Based\u003c/span\u003e\u003c/p\u003e\r\n\u003c/td\u003e\r\n\u003ctd\u003e\r\n\u003cp\u003e\u003cspan style=\"font-weight: 400;\"\u003eHumectant\u003c/span\u003e\u003c/p\u003e\r\n\u003c/td\u003e\r\n\u003c/tr\u003e\r\n\u003ctr\u003e\r\n\u003ctd\u003e\r\n\u003cp\u003e\u003cspan style=\"font-weight: 400;\"\u003eFructooligosaccharides\u003c/span\u003e\u003c/p\u003e\r\n\u003c/td\u003e\r\n\u003ctd\u003e\r\n\u003cp\u003e\u003cspan style=\"font-weight: 400;\"\u003eNatural\u003c/span\u003e\u003c/p\u003e\r\n\u003c/td\u003e\r\n\u003ctd\u003e\r\n\u003cp\u003e\u003cspan style=\"font-weight: 400;\"\u003ePlant-Based\u003c/span\u003e\u003c/p\u003e\r\n\u003c/td\u003e\r\n\u003ctd\u003e\r\n\u003cp\u003e\u003cspan style=\"font-weight: 400;\"\u003eSkin Conditioning Agent\u003c/span\u003e\u003c/p\u003e\r\n\u003c/td\u003e\r\n\u003c/tr\u003e\r\n\u003ctr\u003e\r\n\u003ctd\u003e\r\n\u003cp\u003e\u003cspan style=\"font-weight: 400;\"\u003eBeta Vulgaris (Beetroot) Extract\u003c/span\u003e\u003c/p\u003e\r\n\u003c/td\u003e\r\n\u003ctd\u003e\r\n\u003cp\u003e\u003cspan style=\"font-weight: 400;\"\u003eNatural\u003c/span\u003e\u003c/p\u003e\r\n\u003c/td\u003e\r\n\u003ctd\u003e\r\n\u003cp\u003e\u003cspan style=\"font-weight: 400;\"\u003ePlant-Based\u003c/span\u003e\u003c/p\u003e\r\n\u003c/td\u003e\r\n\u003ctd\u003e\r\n\u003cp\u003eAntioxidant\u003c/p\u003e\r\n\u003c/td\u003e\r\n\u003c/tr\u003e\r\n\u003ctr\u003e\r\n\u003ctd\u003e\u003cbr /\u003e\r\n\u003cp\u003e\u003cspan style=\"font-weight: 400;\"\u003eCitric Acid\u003c/span\u003e\u003c/p\u003e\r\n\u003c/td\u003e\r\n\u003ctd\u003e\u003cbr /\u003e\r\n\u003cp\u003e\u003cspan style=\"font-weight: 400;\"\u003eNatural\u003c/span\u003e\u003c/p\u003e\r\n\u003c/td\u003e\r\n\u003ctd\u003e\u003cbr /\u003e\r\n\u003cp\u003e\u003cspan style=\"font-weight: 400;\"\u003eCitrus Fruits\u003c/span\u003e\u003c/p\u003e\r\n\u003c/td\u003e\r\n\u003ctd\u003e\u003cbr /\u003e\r\n\u003cp\u003e\u003cspan style=\"font-weight: 400;\"\u003eExfoliant\u003c/span\u003e\u003c/p\u003e\r\n\u003c/td\u003e\r\n\u003c/tr\u003e\r\n\u003ctr\u003e\r\n\u003ctd\u003e\r\n\u003cp\u003e\u003cspan style=\"font-weight: 400;\"\u003eSodium Hydroxide\u003c/span\u003e\u003c/p\u003e\r\n\u003c/td\u003e\r\n\u003ctd\u003e\r\n\u003cp\u003e\u003cspan style=\"font-weight: 400;\"\u003eSynthetic\u003c/span\u003e\u003c/p\u003e\r\n\u003c/td\u003e\r\n\u003ctd\u003e\r\n\u003cp\u003e\u003cspan style=\"font-weight: 400;\"\u003eLab Synthesized\u003c/span\u003e\u003c/p\u003e\r\n\u003c/td\u003e\r\n\u003ctd\u003e\r\n\u003cp\u003e\u003cspan style=\"font-weight: 400;\"\u003epH Adjuster\u003c/span\u003e\u003c/p\u003e\r\n\u003c/td\u003e\r\n\u003c/tr\u003e\r\n\u003ctr\u003e\r\n\u003ctd\u003e\r\n\u003cp\u003e\u003cspan style=\"font-weight: 400;\"\u003eFood Grade\u003c/span\u003e\u003c/p\u003e\r\n\u003cp\u003e\u003cspan style=\"font-weight: 400;\"\u003eColors (CI 16185, CI 19140)\u003c/span\u003e\u003c/p\u003e\r\n\u003c/td\u003e\r\n\u003ctd\u003e\r\n\u003cp\u003e\u003cspan style=\"font-weight: 400;\"\u003eSynthetic\u003c/span\u003e\u003c/p\u003e\r\n\u003c/td\u003e\r\n\u003ctd\u003e\r\n\u003cp\u003e\u003cspan style=\"font-weight: 400;\"\u003eLab-Synthesized\u003c/span\u003e\u003c/p\u003e\r\n\u003c/td\u003e\r\n\u003ctd\u003e\r\n\u003cp\u003e\u003cspan style=\"font-weight: 400;\"\u003ePigment\u003c/span\u003e\u003c/p\u003e\r\n\u003c/td\u003e\r\n\u003c/tr\u003e\r\n\u003ctr\u003e\r\n\u003ctd\u003e\r\n\u003cp\u003e\u003cspan style=\"font-weight: 400;\"\u003eIFRA Certified\u003c/span\u003e\u003c/p\u003e\r\n\u003cp\u003e\u003cspan style=\"font-weight: 400;\"\u003eAllergen Free Fragrance\u003c/span\u003e\u003c/p\u003e\r\n\u003c/td\u003e\r\n\u003ctd\u003e\r\n\u003cp\u003e\u003cspan style=\"font-weight: 400;\"\u003eSynthetic\u003c/span\u003e\u003c/p\u003e\r\n\u003c/td\u003e\r\n\u003ctd\u003e\r\n\u003cp\u003e\u003cspan style=\"font-weight: 400;\"\u003eLab-Synthesized\u003c/span\u003e\u003c/p\u003e\r\n\u003c/td\u003e\r\n\u003ctd\u003e\r\n\u003cp\u003e\u003cspan style=\"font-weight: 400;\"\u003eFragrance\u003c/span\u003e\u003c/p\u003e\r\n\u003c/td\u003e\r\n\u003c/tr\u003e\r\n\u003c/tbody\u003e\r\n\u003c/table\u003e"},{"attribute_code":"attribute_value_7","value":"\u003cdiv id=\"faqs\"\u003e\r\n\u003cp\u003eCan I Use The Face Cream On Oily Skin?\u003c/p\u003e\r\n\u003cp\u003eAbsolutely! Our Beetroot Daily Glow Face Cream has an oil-free formula, which is suitable for all skin types.\u003c/p\u003e\r\n\u003cp\u003eHow Often Should I Apply This Face Cream?\u003c/p\u003e\r\n\u003cp\u003eFor best results, use it twice a day — morning and night.\u003c/p\u003e\r\n\u003cp\u003eHow Does This Face Cream Make Skin Glow?\u003c/p\u003e\r\n\u003cp\u003eCrafted with Beetroot Extract and Hyaluronic Acid, it provides long-lasting hydration for a radiant and healthy pink glow.\u003c/p\u003e\r\n\u003cp\u003eCan I Apply Makeup Over The Face Cream?\u003c/p\u003e\r\n\u003cp\u003eYes, its lightweight and non-greasy texture makes it an ideal base for makeup.\u003c/p\u003e\r\n\u003cp\u003eIs The Beetroot Face Cream Suitable For All Seasons?\u003c/p\u003e\r\n\u003cp\u003eAbsolutely! It keeps your skin soft and supple in every season.\u003c/p\u003e\r\n\u003c/div\u003e"},{"attribute_code":"meta_keyword","value":"Beetroot Daily Glow Face Cream With Beetroot \u0026 Hyaluronic Acid - 80 g"},{"attribute_code":"special_price","value":null},{"attribute_code":"special_from_date","value":"2024-05-13 10:20:00"}],"hide_in_front":0,"image":"/1/-/1-with-ingredients_11.jpg","imageAltTags":[],"is_in_stock":true,"name":"Beetroot Daily Glow Face Cream With Beetroot \u0026 Hyaluronic Acid - 80 g","position":"7","price":"249.00","product_card_tags":"Gives A Hydrated Pink Glow | Makes Skin Soft | Gives Instant Brightening Effect","review_count":115,"sku":"8904417312171","special_price":"","special_price_from_date":{"date":"2024-05-13 15:50:00","timezone_type":3,"timezone":"Asia/Kolkata"},"tags":"best-seller","url_key":"beetroot-daily-glow-face-cream-80g","product_subtitle_keys":["Buy 1 Get 1 FREE"," Face Cream"," Beetroot"],"size":"80g","unitPrice":"3.11/g","old_productid":"1252","generic_name":null},{"id":55,"tier_prices":[],"avg_rating_percent":94,"categories":[2,18,5,20,21,23,24,51,31,128,130,133,134,216,253,107,129,131,53,376,440,441,435],"created_at":"2021-03-25 13:28:45","custom_attributes":[{"attribute_code":"manufacturer","value":"Kapco International Ltd,Plot 11,Sector3,Parwanoo, Himachal Pradesh-173220"},{"attribute_code":"meta_title","value":"Tea Tree Face Wash for Acne and Pimples -100ml|B1G1 Free"},{"attribute_code":"meta_description","value":"Tea tree face wash with tea tree and neem to reduce the acne and pimple. Mamaearth Tea tree oil face wash for pimples is free of toxins and harmful chemicals."},{"attribute_code":"image","value":"/p/r/product_with_ingrident_copy.jpg"},{"attribute_code":"small_image","value":"/p/r/product_with_ingrident_copy.jpg"},{"attribute_code":"thumbnail","value":"/p/r/product_with_ingrident_copy.jpg"},{"attribute_code":"options_container","value":"container2"},{"attribute_code":"small_image_label","value":"mamaearth tea tree face wash"},{"attribute_code":"thumbnail_label","value":"mamaearth tea tree face wash"},{"attribute_code":"country_of_manufacture","value":"IN"},{"attribute_code":"url_key","value":"tea-tree-face-wash"},{"attribute_code":"msrp_display_actual_price_type","value":"0"},{"attribute_code":"gift_message_available","value":"0"},{"attribute_code":"swatch_image","value":"/p/r/product_with_ingrident_copy.jpg"},{"attribute_code":"attribute_label_1","value":"Results of Mamaearth Tea Tree Face Wash"},{"attribute_code":"attribute_label_2","value":"Key Ingredients"},{"attribute_code":"attribute_label_3","value":"How to Use"},{"attribute_code":"attribute_label_4","value":"Who can Use"},{"attribute_code":"attribute_label_5","value":"Why Mamaearth"},{"attribute_code":"attribute_label_6","value":"Ingredient List"},{"attribute_code":"attribute_label_7","value":"FAQS"},{"attribute_code":"best_before","value":"24 Months"},{"attribute_code":"dimensions","value":"10 * 5 * 5 cm"},{"attribute_code":"mrp","value":"269"},{"attribute_code":"old_productid","value":"36771"},{"attribute_code":"weight_when_packed","value":"0.500"},{"attribute_code":"tags","value":"trending"},{"attribute_code":"marketed_by","value":"Honasa Consumer Limited, 10th and 11th Floor, Capital Cyberscape, Sector 59, Gurugram, Haryana, 122101"},{"attribute_code":"live_url","value":"https://mamaearth.in/product/tea-tree-face-wash"},{"attribute_code":"license_no","value":"S-COS/10/19"},{"attribute_code":"length","value":"10"},{"attribute_code":"google_category","value":"2526"},{"attribute_code":"cms_sequence","value":"1,2,3,4,5,6,7,8"},{"attribute_code":"width","value":"5"},{"attribute_code":"height","value":"5"},{"attribute_code":"breadcrumb_category","value":"51","title":"Best Face Wash for Men \u0026 Women ","url_key":"face-wash"},{"attribute_code":"custom_product_type","value":"be_face"},{"attribute_code":"brand","value":"4"},{"attribute_code":"product_card_tags","value":"Controls Acne \u0026 Pimples | Removes Excess Oil"},{"attribute_code":"saving_scheme","value":"price_per_100_ml"},{"attribute_code":"product_subtitle_keys","value":"Buy 1 Get 1 FREE, Face Wash, Tea Tree"},{"attribute_code":"is_suitable_for_skin_type","value":"466","label":"oily"},{"attribute_code":"skin_goals","value":"471,474","label":"cleansing, reduced dark spots"},{"attribute_code":"tax_class_id","value":"2"},{"attribute_code":"create_scarcity","value":"1"},{"attribute_code":"hide_product_infront","value":"0"},{"attribute_code":"show_in_feed","value":"1"},{"attribute_code":"base_category","value":"86"},{"attribute_code":"base_sub_category","value":"65"},{"attribute_code":"key_ingredient","value":"504"},{"attribute_code":"teatree_facewash_variants","value":"491"},{"attribute_code":"show_price_per_unit","value":"1"},{"attribute_code":"volume","value":"100"},{"attribute_code":"enable_fbt_popup","value":"0"},{"attribute_code":"strikethrough","value":"1"},{"attribute_code":"tag_keywords","value":"beauty, care, earth, Face, facewash, mama, mamaearth, products, Tea, Tree, Wash, face, wash, face wash, acne, pimples"},{"attribute_code":"short_description","value":"\u003cp style=\"text-align: justify;\"\u003eMamaearth \u003cstrong\u003eTea Tree Face Wash for acne and pimples\u003c/strong\u003e is a natural blend of neem and tea tree oil. It helps prevent acne by deep cleaning impurities, fighting bacteria and controlling excess oil secretion. All this, without stripping the skin off its natural oils.\u003c/p\u003e\r\n\u003cp style=\"text-align: justify;\"\u003eAloe Vera in the face wash helps reduce redness and inflammation. Dermatologically tested and pH balanced, it takes gentle care of your skin while making it look healthy and glowing. It is absolutely safe since it contains no harmful chemicals like SLES, Sulfates, Phthalates, and Artificial Fragrances.\u003c/p\u003e"},{"attribute_code":"attribute_value_1","value":"\u003cul class=\"result-list\"\u003e\r\n\u003cli\u003e\r\n\u003cdiv class=\"result-img\"\u003e\u003cimg src=\"https://images.mamaearth.in/wysiwyg/Tea%20Tree%20Facewash%20for%20acne%20and%20pimples%2C%20100ml/Controls%20Acne%20%26amp%3B%20Pimples1.jpg\" alt=\"tea tree face wash for Controls Acne \u0026amp; Pimples\" width=\"290\" height=\"290\" /\u003e\u003c/div\u003e\r\n\u003ch2\u003eControls Acne \u0026amp; Pimples\u003c/h2\u003e\r\n\u003cspan class=\"result-content\" style=\"padding: 0; text-align: center;\"\u003eIt helps to reduce and prevent the development of acne and pimples by controlling excess oil secretion.\u003c/span\u003e\u003c/li\u003e\r\n\u003cli\u003e\r\n\u003cdiv class=\"result-img\"\u003e\u003cimg src=\"https://images.mamaearth.in/wysiwyg/Tea%20Tree%20Facewash%20for%20acne%20and%20pimples%2C%20100ml/Removes%20Excess%20Oil1.jpg\" alt=\"tea tree face wash to Removes Excess Oil\" width=\"300\" height=\"346\" /\u003e\u003c/div\u003e\r\n\u003ch2\u003eRemoves Excess Oil\u003c/h2\u003e\r\n\u003cspan class=\"result-content\" style=\"padding: 0; text-align: center;\"\u003eRemoves excess oil from your face, leaving a thoroughly clean and oil-free skin without making it dry or stretchy.\u003c/span\u003e\u003c/li\u003e\r\n\u003cli\u003e\r\n\u003cdiv class=\"result-img\"\u003e\u003cimg src=\"https://images.mamaearth.in/wysiwyg/Tea%20Tree%20Facewash%20for%20acne%20and%20pimples%2C%20100ml/Antibacterial1.jpg\" alt=\"Antibacterial tea tree face wash\" width=\"261\" height=\"227\" /\u003e\u003c/div\u003e\r\n\u003ch2\u003eAntibacterial\u003c/h2\u003e\r\n\u003cspan class=\"result-content\" style=\"padding: 0; text-align: center;\"\u003eNatural anti-bacterial and cleansing properties of Neem and Tea Tree Oil prevent regular breakouts of acne and pimples.\u003c/span\u003e\u003c/li\u003e\r\n\u003c/ul\u003e"},{"attribute_code":"attribute_value_2","value":"\u003cul class=\"woodmart-list\"\u003e\r\n\u003cli\u003e\r\n\u003cdiv class=\"list-icon\"\u003e\u003cimg src=\"https://images.mamaearth.in/wysiwyg/Tea%20Tree%20Facewash%20for%20acne%20and%20pimples%2C%20100ml/Mamaearth%20pimple%20face%20wash%20for%20pimples%20tea%20tree%20face%20wash%20with%20Neem1.jpg\" alt=\"Mamaearth pimple face wash for pimples tea tree face wash with Neem\" width=\"100\" height=\"100\" /\u003e\u003c/div\u003e\r\n\u003cspan class=\"list-content\" style=\"text-align: justify;\"\u003e\u003cstrong\u003eNeem : \u003c/strong\u003ePurifies the skin by removing dirt and other impurities that clog skin pores. It prevents the occurrence of acne and pimples.\u003c/span\u003e\u003c/li\u003e\r\n\u003cli\u003e\r\n\u003cdiv class=\"list-icon\"\u003e\u003cimg src=\"https://images.mamaearth.in/wysiwyg/Tea%20Tree%20Facewash%20for%20acne%20and%20pimples%2C%20100ml/Mamaearth%20acne%20face%20wash%20with%20Aloe%20Vera1.jpg\" alt=\"Mamaearth acne face wash with Aloe Vera\" width=\"100\" height=\"100\" /\u003e\u003c/div\u003e\r\n\u003cspan class=\"list-content\" style=\"text-align: justify;\"\u003e\u003cstrong\u003eAloe Vera : \u003c/strong\u003eHelps soothe any redness or irritation and nourishes the skin from within.\u003c/span\u003e\u003c/li\u003e\r\n\u003cli\u003e\r\n\u003cdiv class=\"list-icon\"\u003e\u003cimg src=\"https://images.mamaearth.in/wysiwyg/Tea%20Tree%20Facewash%20for%20acne%20and%20pimples%2C%20100ml/Mamaearth%20pimple%20and%20acne%20face%20wash%20as%20in%20Tea%20Tree%20Oil%20mamaearth%20pimple%20face%20wash1.jpg\" alt=\"Mamaearth pimple and acne face wash as in Tea Tree Oil mamaearth pimple face wash\" /\u003e\u003c/div\u003e\r\n\u003cspan class=\"list-content\" style=\"text-align: justify;\"\u003e\u003cstrong\u003eTea Tree Oil : \u003c/strong\u003eReduces excess oil from the skin and provides a fresh feel to the skin.\u003c/span\u003e\u003c/li\u003e\r\n\u003cli\u003e \u003c/li\u003e\r\n\u003c/ul\u003e"},{"attribute_code":"attribute_value_3","value":"\u003cul\u003e\r\n\u003cli\u003e\u003cspan class=\"list-content\"\u003e\u003cstrong\u003eStep 1 : \u003c/strong\u003eApply a coin-sized amount of face wash on damp face.\u003c/span\u003e\u003c/li\u003e\r\n\u003cli\u003e\u003cspan class=\"list-content\"\u003e\u003cstrong\u003eStep 2 : \u003c/strong\u003eWork up a mild lather and massage your face in gentle, anti-clockwise circular movements.\u003c/span\u003e\u003c/li\u003e\r\n\u003cli\u003e\u003cspan class=\"list-content\"\u003e\u003cstrong\u003eStep 3 : \u003c/strong\u003eRinse with lukewarm or tap water. Pat dry your face with a clean towel.\u003c/span\u003e\u003c/li\u003e\r\n\u003c/ul\u003e"},{"attribute_code":"attribute_value_4","value":"\u003cul style=\"list-style: disc; padding-left: 1em;\"\u003e\r\n\u003cli\u003e\u003cspan class=\"list-content\"\u003eAll Skin Types \u0026ndash; The face wash is suitable for all skin types.\u003c/span\u003e\u003c/li\u003e\r\n\u003cli\u003e\r\n\u003cdiv class=\"list-icon fa fa-check\"\u003eIndividuals with Skin Issues \u0026ndash; The face wash is suitable to address issues such as dull skin, acne and pimple prone skin.\u003c/div\u003e\r\n\u003c/li\u003e\r\n\u003cli\u003e\r\n\u003cdiv class=\"list-icon fa fa-check\"\u003eDaily Use Face wash \u0026ndash; It can be used by individuals looking for an oil reducing, yet gentle face wash for everyday use.\u003c/div\u003e\r\n\u003c/li\u003e\r\n\u003cli\u003e\r\n\u003cdiv class=\"list-icon fa fa-check\"\u003eMen and Women \u0026ndash; The face wash works great for both men and women. Anyone above 15 years of age can use the face wash.\u003c/div\u003e\r\n\u003c/li\u003e\r\n\u003c/ul\u003e"},{"attribute_code":"attribute_value_5","value":"\u003cul class=\"compare-list\"\u003e\r\n\u003cli\u003e\r\n\u003cdiv class=\"compare-img\"\u003e\u003cimg src=\"https://images.mamaearth.in/wysiwyg/Tea%20Tree%20Facewash%20for%20acne%20and%20pimples%2C%20100ml/Mamaearth%20Tea%20Tree%20Face%20Wash%20Better%20Than%20Other%20Acne%20Pimple%20Face%20Wash%20Options%20Available%20in%20the%20Market1.jpg\" alt=\"Mamaearth Tea Tree Face Wash Better Than Other Acne Pimple Face Wash Options Available in the Market\" /\u003e\u003c/div\u003e\r\n\u003cdiv class=\"compare-content\"\u003e\r\n\u003cul\u003e\r\n\u003cli\u003eRemoves Excess Oil\u003c/li\u003e\r\n\u003cli\u003eBrightens Skin\u003c/li\u003e\r\n\u003cli\u003eReduces Breakouts like Acne and Pimples\u003c/li\u003e\r\n\u003cli\u003eDoes Not Over-Dry Skin\u003c/li\u003e\r\n\u003c/ul\u003e\r\n\u003c/div\u003e\r\n\u003c/li\u003e\r\n\u003cli\u003e\r\n\u003cdiv class=\"compare-img\"\u003e\u003cimg src=\"https://images.mamaearth.in/wysiwyg/Tea%20Tree%20Facewash%20for%20acne%20and%20pimples%2C%20100ml/Mamaearth%20face%20wash%20for%20oily%20acne%20prone%20skin%20as%20Mamaearth%20acne%20and%20pimple%20face%20wash%20with%20tea%20tree%20oil%20and%20neem%20extract1.jpg\" alt=\"Mamaearth face wash for oily acne prone skin as Mamaearth acne and pimple face wash with tea tree oil and neem extract\" /\u003e\u003c/div\u003e\r\n\u003cdiv class=\"compare-content\"\u003e\r\n\u003cul\u003e\r\n\u003cli\u003eContains Parabens\u003c/li\u003e\r\n\u003cli\u003eContains Silicones\u003c/li\u003e\r\n\u003cli\u003eContains Mineral Oils\u003c/li\u003e\r\n\u003cli\u003eContains Artificial Fragrances\u003c/li\u003e\r\n\u003c/ul\u003e\r\n\u003c/div\u003e\r\n\u003c/li\u003e\r\n\u003c/ul\u003e"},{"attribute_code":"attribute_value_6","value":"\u003ctable style=\"width: 638px;\"\u003e\r\n\u003ctbody\u003e\r\n\u003ctr\u003e\r\n\u003ctd width=\"160\"\u003e\u003cspan\u003eIngredient\u003c/span\u003e\u003c/td\u003e\r\n\u003ctd width=\"160\"\u003e\u003cspan\u003eType\u003c/span\u003e\u003c/td\u003e\r\n\u003ctd width=\"160\"\u003e\u003cspan\u003eWhere Is It From?\u003c/span\u003e\u003c/td\u003e\r\n\u003ctd width=\"160\"\u003e\u003cspan\u003eHow It Helps?\u003c/span\u003e\u003c/td\u003e\r\n\u003c/tr\u003e\r\n\u003ctr\u003e\r\n\u003ctd width=\"160\"\u003eAqua\u003c/td\u003e\r\n\u003ctd width=\"160\"\u003eNatural\u003c/td\u003e\r\n\u003ctd width=\"160\"\u003eWater\u003c/td\u003e\r\n\u003ctd width=\"160\"\u003eDiluent\u003c/td\u003e\r\n\u003c/tr\u003e\r\n\u003ctr\u003e\r\n\u003ctd width=\"160\"\u003eSodium Lauroyl Sarcosinate\u003c/td\u003e\r\n\u003ctd width=\"160\"\u003eNatural\u003c/td\u003e\r\n\u003ctd width=\"160\"\u003ePlant-Based\u003c/td\u003e\r\n\u003ctd width=\"160\"\u003eSurfactant\u003c/td\u003e\r\n\u003c/tr\u003e\r\n\u003ctr\u003e\r\n\u003ctd width=\"160\"\u003eDisodium Cocoamphodiacetate\u003c/td\u003e\r\n\u003ctd width=\"160\"\u003eNatural\u003c/td\u003e\r\n\u003ctd width=\"160\"\u003eCoconut Oil\u003c/td\u003e\r\n\u003ctd width=\"160\"\u003eSurfactant\u003c/td\u003e\r\n\u003c/tr\u003e\r\n\u003ctr\u003e\r\n\u003ctd width=\"160\"\u003eGlycerin\u003c/td\u003e\r\n\u003ctd width=\"160\"\u003eNatural\u003c/td\u003e\r\n\u003ctd width=\"160\"\u003ePlant-Based\u003c/td\u003e\r\n\u003ctd width=\"160\"\u003eMoisturizing Agent\u003c/td\u003e\r\n\u003c/tr\u003e\r\n\u003ctr\u003e\r\n\u003ctd width=\"160\"\u003eSodium PCA\u003c/td\u003e\r\n\u003ctd width=\"160\"\u003eNatural\u003c/td\u003e\r\n\u003ctd width=\"160\"\u003ePlant-Based\u003c/td\u003e\r\n\u003ctd width=\"160\"\u003eReduces Inflammation\u003c/td\u003e\r\n\u003c/tr\u003e\r\n\u003ctr\u003e\r\n\u003ctd width=\"160\"\u003eNeem Leaf Extract\u003c/td\u003e\r\n\u003ctd width=\"160\"\u003eNatural\u003c/td\u003e\r\n\u003ctd width=\"160\"\u003eNeem\u003c/td\u003e\r\n\u003ctd width=\"160\"\u003ePurifying Agent\u003c/td\u003e\r\n\u003c/tr\u003e\r\n\u003ctr\u003e\r\n\u003ctd width=\"160\"\u003eAllantoin\u003c/td\u003e\r\n\u003ctd width=\"160\"\u003eNatural\u003c/td\u003e\r\n\u003ctd width=\"160\"\u003ePlant-Based\u003c/td\u003e\r\n\u003ctd width=\"160\"\u003eSoothes and Protects\u003c/td\u003e\r\n\u003c/tr\u003e\r\n\u003ctr\u003e\r\n\u003ctd width=\"160\"\u003eAloe Vera Extract\u003c/td\u003e\r\n\u003ctd width=\"160\"\u003eNatural\u003c/td\u003e\r\n\u003ctd width=\"160\"\u003eAloe Vera\u003c/td\u003e\r\n\u003ctd width=\"160\"\u003eNourishing Agent\u003c/td\u003e\r\n\u003c/tr\u003e\r\n\u003ctr\u003e\r\n\u003ctd width=\"160\"\u003eD Panthenol\u003c/td\u003e\r\n\u003ctd width=\"160\"\u003eNatural\u003c/td\u003e\r\n\u003ctd width=\"160\"\u003eHoney\u003c/td\u003e\r\n\u003ctd width=\"160\"\u003eAnti-Inflammatory\u003c/td\u003e\r\n\u003c/tr\u003e\r\n\u003ctr\u003e\r\n\u003ctd width=\"160\"\u003eLavender Oil\u003c/td\u003e\r\n\u003ctd width=\"160\"\u003eNatural\u003c/td\u003e\r\n\u003ctd width=\"160\"\u003eLavender\u003c/td\u003e\r\n\u003ctd width=\"160\"\u003eAnti-Septic and Anti-Inflammatory\u003c/td\u003e\r\n\u003c/tr\u003e\r\n\u003ctr\u003e\r\n\u003ctd width=\"160\"\u003eTea Tree Oil\u003c/td\u003e\r\n\u003ctd width=\"160\"\u003eNatural\u003c/td\u003e\r\n\u003ctd width=\"160\"\u003eLeaves of Tea Tree\u003c/td\u003e\r\n\u003ctd width=\"160\"\u003eAntibacterial\u003c/td\u003e\r\n\u003c/tr\u003e\r\n\u003c/tbody\u003e\r\n\u003c/table\u003e"},{"attribute_code":"attribute_value_7","value":"\u003cdiv id=\"faqs\"\u003e\r\n\u003cp\u003eWhat is a tea tree?\u003c/p\u003e\r\n\u003cp\u003eTea tree oil is an essential oil extracted from the leaves of Melaleuca alternifolia, indigenous to Australia's northeastern coast and southeast Queensland region. Also called melaleuca oil, it has a light yellow to almost transparent color with a fresh, camphoraceous smell. The oil comprises several constituent chemicals, and as it oxidizes in the presence of air, it changes composition. The tea tree was given its name by sailors in the seventeenth century who used its leaves to make nutmeg-scented tea. When it comes to skin and hair care, there are several benefits of tea tree essential oil. It serves as an alternative to traditional medical care. Conditions and symptoms affecting the skin, nails, and hair can be treated with tea tree oil. Topically applying tea tree oil can help heal specific skin issues, including inflammation and itching. The compounds in tea tree oil can potentially eradicate fungi, germs, and mites while lowering swelling and minimizing allergic skin responses. Its anti-inflammatory and antiseptic properties help boost wound healing, preventing infection in cuts. Tea tree oil helps treat athletes’ feet, toenail fungus, and acne. It also helps treat hair concerns like dandruff and itchy scalp owing to its antifungal properties.\u003c/p\u003e\r\n\u003cp\u003eWhat are the uses of tea tree face wash?\u003c/p\u003e\r\n\u003cp\u003eTea tree face wash is a skincare product used to wash off impurities, grime, and traces of makeup from your skin. It can be used twice daily for the most significant benefits. Here are some uses of tea tree face wash:- Reduces Inflammation: The fear of skin irritation is a common reason why people with sensitive skin types avoid trying new skincare products. If you’re new to skincare, tea tree oil can help combat various skin concerns, including inflammation. Its anti-inflammatory properties reduce swelling and redness around the acne. Prevents acne and scars: Acne and scars can be quite troublesome, so it is important to use skincare products that are gentle on acne-sensitive skin. Because tea tree has antimicrobial and anti-inflammatory qualities, using a face wash enriched with it can help treat and reduce acne. In addition to clearing up acne, it is also effective in removing scars and dark spots, leaving you with a clear and spotless skin complexion. Helps maintain psoriasis and eczema. Tea tree oil is helpful for soothing itchy, dry, and inflamed skin. Power packed with anti-inflammatory and antibacterial properties, tea tree face wash can help maintain skin irritation caused by eczema. Besides, tea tree oil has skin-healing properties to release signs of eczema flares. Treats wounds and cuts- Tea tree oil has strong and potent antibacterial qualities, making it an extremely advantageous ingredient for your facial skin. It helps heal minor wounds and abrasions, including signs of sun damage on the skin. Regularly using tea tree-enriched face wash can help with many skin conditions, including minor cuts caused by shaving.\u003c/p\u003e\r\n\u003cp\u003eWhat are the benefits of tea tree face wash?\u003c/p\u003e\r\n\u003cp\u003eTea tree oil is among the most beneficial ingredients in skincare products. It is exceptionally good for oily and acne-prone skin. Tea tree face wash helps cleanse your skin, and its exfoliating properties work towards unclogging pores. That’s why it’s so effective on skin that often acts as a bacterial minefield. Its strength is in its capacity to reduce inflammation and soothe sensitive skin while regulating sebum production. Although tea tree oil is frequently used to treat acne, it has other uses. Additionally, even though it works well for oily skin, different skin types can still try it. Learn more about the advantages of face washing with tea tree oil. Prevents acne \u0026amp; acne marks- The tea tree is an excellent cleanser for irritated skin with clogged pores due to its well-known antibacterial, anti-inflammatory, and antimicrobial qualities. It is a well-liked and popular ingredient for reducing redness, swelling, irritated skin, and all forms of inflammation. In addition, regular usage can help scars and acne spots disappear over time. Manages oily skin- The production of sebum in your skin can also be balanced by using a face cleanser infused with tea tree oil. Tea tree’s antibacterial qualities fight oily skin and prevent shine in general. Unclogs pore: Exposure to environmental stressors, including pollutants, can clog pores where bacteria start to grow gradually. Using tea tree face wash can also help decongest pores and remove dirt and grime. For oily and acne-prone skin, it is a must-have to wash off the face with a tea tree face wash. Inflammatory reaction- The anti-inflammatory properties of the tea tree are well-known. This helps in calming and reducing skin irritation of any kind. Additionally, it helps in the healing of skin infections and breakouts, so it is best for those who experience frequent acne and breakouts. Enhances skin tone- Tea tree face washes help promote healthy skin because of their numerous skin-benefiting properties. It enhances the overall health of the skin and brightens your complexion. It also helps to lighten and fade imperfections, hyperpigmentation, and acne scars with consistent usage.\u003c/p\u003e\r\n\u003cp\u003eHow do you use Mamaearth tea tree face wash?\u003c/p\u003e\r\n\u003cp\u003eMamaearth Tea Tree Face Wash features Tree Tea Oil, Aloe Vera, and Neem. The powerful and potent ingredients work towards eliminating dirt, traces of makeup, and grime from the skin’s surface while untrapping pores. It is a safe and effective formulation that gently works for all skin types. However, to get the most out of it, you should use it as follows:- Step 1: Take a coin-sized amount of Mamaearth Tea Tree Face Wash onto your palm and apply it on damp skin. Step 2: Work up a mild lather, massaging gently on your T-zone. Avoid the area around your eyes. Step 3: Rinse off with tap water. Pat dry your face with a dry, clean towel. Step 4: Follow it up with Mamaearth Tea Tree Oil-free Face Moisturizer.\u003c/p\u003e\r\n\u003cp\u003eIs tea tree face wash safe for the skin?\u003c/p\u003e\r\n\u003cp\u003eWhen it comes to skincare, tea tree is one of the most beneficial ingredients, especially for oily and acne-prone skin. This potent component, well-known for eliminating bacteria and germs right away, is frequently found in face washes and bath and body products. The most effective tea tree face wash regulates the overproduction of sebum on your skin and cleanses your skin from the inside out. Ideally, tea tree face wash made with gentle and toxin-free ingredients is safe for all skin types. However, we still recommend doing a patch test to rule out any chance of skin allergy. If you’re looking for a natural and toxin-free tea tree face wash for your skin, we recommend using Mamaearth Tea Tree Face Wash featuring Neem, Aloe Vera, and Tea Tree Oil. It is a gentle cleanser that takes care of your skin while making it look healthy and spotless. It is a dermatologically tested formula free of harsh chemicals and toxins like SLES, sulfates, phenols, and artificial fragrances.\u003c/p\u003e\r\n\u003cp\u003eWhat are the benefits of Mamaearth tea tree face wash for pimples?\u003c/p\u003e\r\n\u003cp\u003eMamaearth Tea Tree Face Wash for pimples comes with amazing benefits from skin-purifying ingredients like Neem and Tea Tree Oil. Acne and pimples face wash helps in controlling pimple breakouts, removing excess oil from the facial skin, and has amazing antibacterial properties that help in keeping your skin happy, healthy, and supple.\u003c/p\u003e\r\n\u003cp\u003eIs Mamaearth Face Wash for pimples good for oily skin?\u003c/p\u003e\r\n\u003cp\u003eWe suggest you use Mamaearth Tea Tree Oil Face Wash for oily skin. It deeply moisturizes and hydrates the skin cells, and is perfect for oily and sensitive skin. Men and women of all age groups can use it, and so can teenagers above 15 years of age.\u003c/p\u003e\r\n\u003cp\u003eWhich should be applied first, moisturizer or sunscreen? \u003c/p\u003e\r\n\u003cp\u003eMoisturizer should be applied first. A skincare product with a higher SPF after your moisturizer will help shield your skin from the sun’s harmful UV rays because these products are specially designed with specific sun-protective ingredients. Therefore, after cleansing your face, it is essential to apply your favorite moisturizer, followed by a high-SPF sunscreen, for maximum protection and hydration.\u003c/p\u003e\r\n\u003cp\u003eHow Often Should I Use Mamaearth tea tree face wash?\u003c/p\u003e\r\n\u003cp\u003eUse this Mama earth pimple face wash regularly, twice a day for best results.\u003c/p\u003e\r\n\u003cp\u003eHow Long Will It Take for The Best Face Wash for Pimples To Show Results?\u003c/p\u003e\r\n\u003cp\u003eAs the tea tree face wash for acne is made of natural ingredients; hence, it will depend on your problem area. However, visible results should be seen within 8 weeks of regular use.\u003c/p\u003e\r\n\u003cp\u003eCan teenagers use this mamaearth face wash acne and pimple?\u003c/p\u003e\r\n\u003cp\u003eAbsolutely, it can be used by anyone above 15 years of age as it is made with the best natural and toxin-free ingredients, which are ideal for young skin. Mamaearth face wash for oily skin and pimples price 100ml pack is Rs.249.\u003c/p\u003e\r\n\u003cp\u003eWill this mamaearth face wash with tea tree oil and neem extract make my skin dry?\u003c/p\u003e\r\n\u003cp\u003eYou should always moisturize your skin after cleansing with a Mamaearth anti acne and pimple face wash.\u003c/p\u003e\r\n\u003cp\u003eIs tea tree oil good for hormonal acne?\u003c/p\u003e\r\n\u003cp\u003eTea Tree oil has anti-inflammatory and antibacterial properties, which help treat acne from within when it is constantly used. You should apply a small amount of diluted Tea Tree oil with other essential oils to achieve clean and dry skin, focusing on acne-prone areas.\u003c/p\u003e\r\n\u003cp\u003eCan We Use Tea Tree Face Wash Daily?\u003c/p\u003e\r\n\u003cp\u003eMamaearth Tea Tree Facewash contains natural ingredients, free of any harmful chemicals, and dermatologically tested. This mamaearth face wash acne and pimple is recommended to use Tea Tree face wash twice a day to prevent acne by removing skin’s impurities.\u003c/p\u003e\r\n\u003cp\u003eHow long does Tea Tree take to clear acne?\u003c/p\u003e\r\n\u003cp\u003eTo evaluate Tea Tree's benefits for your skin, you should use it consistently for at least a few weeks to achieve ideal results. According to skincare experts, Tea Tree shows visible effects on the skin, especially oily and acne-prone skin with open pores. Its anti-inflammatory and antibacterial properties help in gently purifying the skin from within.  It allows an individual to achieve healthy and clear skin with constant usage.\u003c/p\u003e\r\n\u003cp\u003eDoes Mamaearth face wash remove blackheads?\u003c/p\u003e\r\n\u003cp\u003eYes, Mamaearth Tea tree face wash is very efficient for the blackheads problems. This product is chemical free and democratically tested.\u003c/p\u003e\r\n\u003cp\u003eWhat is the Mamaearth tea tree face wash price?\u003c/p\u003e\r\n\u003cp\u003eThe Mamaearth face wash for oily skin and pimples price 100 ml is Rs.249.\u003c/p\u003e\r\n\u003cp\u003eWhat are the Mamaearth tea tree face wash uses?\u003c/p\u003e\r\n\u003cp\u003eMamaearth tea tree face wash is the combination of Aloe vera, Neem and tea tree oil. This mamaearth face wash for acne prone skin helps gently reduce and prevent the development of acne and pimples by controlling excess oil secretion.\u003c/p\u003e\r\n\u003cp\u003eIs Mamaearth face wash good for acne?\u003c/p\u003e\r\n\u003cp\u003eYes, This Mamaearth face wash is good for acne prone skin. This product naturally treats the acne with benefits of all of it's natural ingredients.\u003c/p\u003e\r\n\u003cp\u003eDoes Tea Tree Face Wash darken skin?\u003c/p\u003e\r\n\u003cp\u003eNo, Tea Tree Face Wash does not darken the skin. Toxin-free Tea Tree Face Cleansers help promote healthy skin thanks to their several skin-loving benefits. They brighten your complexion and enhance the overall look of your skin by helping to lighten and fade away acne scars, hyperpigmentation, and blemishes. \u003c/p\u003e\r\n\u003cp\u003eHow often should I use Tea Tree Face Wash?\u003c/p\u003e\r\n\u003cp\u003eOily skin troubles like hormonal breakouts, acne marks, pimples, blackheads, etc., are too diverse to understand. But, if you have oily skin, you may use Tea Tree Face Wash twice daily to clean dirt, grime, and impurities from your skin. Tea tree has anti-inflammatory and antibacterial properties, so it helps to heal acne and calm irritated skin without harming your skin in any manner.\u003c/p\u003e\r\n\u003cp\u003eIs tree face wash good for your face?\u003c/p\u003e\r\n\u003cp\u003eTea Tree Face Wash has antibacterial and anti-inflammatory properties to help oily skin woes. It gently cleanses the skin and controls sebum production while maintaining the skin’s pH. It decongests clogged pores, minimizes their appearance, and reduces acne marks and spots. If you have oily skin and want toxin-free options to treat acne, we recommend you try Mamaearth’s Tea Tree Face Wash, featuring Neem and Tea Tree Oil. This dermatologically-tested and pH-balanced formula takes gentle care of your skin while making it look healthy and glowing. It also controls acne and pimples, regulates oil production and gives you clear and healthier skin with every wash.\u003c/p\u003e\r\n\u003cp\u003e \u003c/p\u003e\r\n\u003c/div\u003e"},{"attribute_code":"meta_keyword","value":"mamaearth acne and pimple face wash, mamaearth acne pimple face wash, mamaearth pimple face wash, mamaearth acne and pimple face wash, mamaearth pimple clear face wash, mamaearth face wash with tea tree oil and neem extract, mamaearth face wash acne and pimple, is mamaearth face wash good, mamaearth tea tree face wash, tea tree oil face wash, neem and tea tree face wash, tea tree foaming face wash, mamaearth face wash for oily skin, face wash for pimples, acne pimple face wash, mama earth pimple face wash, mamaearth pimple and acne face wash, mamaearth acne and pimple face wash, mama earth acne face wash, mamaearth face wash for blemishes, mamaearth face wash for oily acne prone skin, mamaearth all skin type face wash"},{"attribute_code":"bestseller","value":"best-sellers"},{"attribute_code":"special_from_date","value":"2023-08-24 13:17:00"}],"hide_in_front":0,"image":"/p/r/product_with_ingrident_copy.jpg","is_in_stock":true,"name":"Tea Tree Oil Control Face Wash, 100ml","position":"4","price":"269.00","product_card_tags":"Controls Acne \u0026 Pimples | Removes Excess Oil","review_count":749,"sku":"8906087770664","special_price":"","special_price_from_date":{"date":"2023-08-24 18:47:00","timezone_type":3,"timezone":"Asia/Kolkata"},"tags":"trending","url_key":"tea-tree-face-wash","imageAltTags":["mamaearth tea tree face wash uses","mamaearth tea tree face wash toxin-free"],"configurable_option":{"attribute_id":232,"option_id":491,"attribute_label":"teatree_facewash_variants","title":"100ml","swatch_data":{"swatch_id":728,"option_id":491,"store_id":1,"type":0,"value":"100ml"}},"siblings":[{"id":1544,"sku":"8904417319200","name":"Tea Tree Oil Control Face Wash with Tea Tree \u0026 Neem for Normal to Oily Skin - 150 ml","url_key":"tea-tree-oil-control-face-wash-with-tea-tree-neem-for-normal-to-oily-skin-150-ml","price":"399.00","is_in_stock":false,"custom_attributes":[{"attribute_code":"saving_scheme","value":"price_per_100_ml"},{"attribute_code":"volume","value":"150"}],"special_price":"","parent_id":807,"attribute_id":232,"option_id":492,"parent_sku":"10005","attribute_label":"teatree_facewash_variants","title":"150ml","swatch_data":{"swatch_id":730,"option_id":492,"store_id":1,"type":0,"value":"150ml"},"special_from_date":{"date":"2025-03-22 05:30:00","timezone_type":3,"timezone":"Asia/Kolkata"}},{"id":258,"sku":"8906087773917","name":"Tea Tree Face Wash with Neem for Acne and Pimples - 250ml","url_key":"tea-tree-face-wash-with-neem-for-acne-pimples-250ml","price":"499.00","is_in_stock":true,"custom_attributes":[{"attribute_code":"saving_scheme","value":"price_per_100_ml"},{"attribute_code":"volume","value":"250"}],"special_price":"349.00","parent_id":807,"attribute_id":232,"option_id":493,"parent_sku":"10005","attribute_label":"teatree_facewash_variants","title":"250ml","swatch_data":{"swatch_id":732,"option_id":493,"store_id":1,"type":0,"value":"250ml"},"special_from_date":{"date":"2025-05-20 05:30:00","timezone_type":3,"timezone":"Asia/Kolkata"}},{"id":143,"sku":"8906087771586","name":"Tea Tree Facewash for acne and pimples, Pack Of 2 - 100ml*2","url_key":"tea-tree-facewash-for-acne-and-pimples-pack-of-2","price":"538.00","is_in_stock":true,"custom_attributes":[{"attribute_code":"saving_scheme","value":"save_rs_x"},{"attribute_code":"volume","value":"0"}],"special_price":"484.00","parent_id":807,"attribute_id":232,"option_id":494,"parent_sku":"10005","attribute_label":"teatree_facewash_variants","title":"100ml (Pack of 2)","swatch_data":{"swatch_id":734,"option_id":494,"store_id":1,"type":0,"value":"100ml (Pack of 2)"},"special_from_date":{"date":"2025-05-24 00:01:00","timezone_type":3,"timezone":"Asia/Kolkata"}}],"product_subtitle_keys":["Buy 1 Get 1 FREE"," Face Wash"," Tea Tree"],"size":"100ml","unitPrice":"2.69/ml","old_productid":"36771","generic_name":null},{"id":35,"tier_prices":[],"avg_rating_percent":96,"categories":[2,5,43,6,8,9,11,190,109,341,426,440,441,435],"created_at":"2021-03-25 13:28:26","custom_attributes":[{"attribute_code":"manufacturer","value":"Hitech Formulations Pvt. Ltd., Sai Road, Baddi, Distt. Solan, Himachal Pradesh, India - 173205"},{"attribute_code":"meta_title","value":"Baby Cream for face, Milky Soft Cream for Babies -60ml"},{"attribute_code":"meta_description","value":"Mamaearth's baby cream for face with murumuru butter. Milky Soft Face Cream for babies formulated to soothe dryness, deep moisturizes, and heals chapped lips."},{"attribute_code":"image","value":"/1/_/1_98.jpg"},{"attribute_code":"small_image","value":"/1/_/1_98.jpg"},{"attribute_code":"thumbnail","value":"/1/_/1_98.jpg"},{"attribute_code":"options_container","value":"container2"},{"attribute_code":"small_image_label","value":"baby cream"},{"attribute_code":"thumbnail_label","value":"baby cream"},{"attribute_code":"country_of_manufacture","value":"IN"},{"attribute_code":"url_key","value":"baby-face-cream"},{"attribute_code":"msrp_display_actual_price_type","value":"0"},{"attribute_code":"gift_message_available","value":"0"},{"attribute_code":"swatch_image","value":"/1/_/1_98.jpg"},{"attribute_code":"attribute_label_1","value":"What to Expect From Mamaearth Milky Soft Face Cream"},{"attribute_code":"attribute_label_2","value":"Key Ingredients"},{"attribute_code":"attribute_label_3","value":"How to Use"},{"attribute_code":"attribute_label_4","value":"Who can Use"},{"attribute_code":"attribute_label_5","value":"Why Mamaearth"},{"attribute_code":"attribute_label_6","value":"Ingredient List"},{"attribute_code":"attribute_label_7","value":"FAQS"},{"attribute_code":"best_before","value":"24 Months"},{"attribute_code":"dimensions","value":"10 * 5 * 5 cm"},{"attribute_code":"mrp","value":"199"},{"attribute_code":"old_productid","value":"12252"},{"attribute_code":"weight_when_packed","value":"0.500"},{"attribute_code":"tags","value":"best-seller"},{"attribute_code":"marketed_by","value":"Honasa Consumer Limited, 10th and 11th Floor, Capital Cyberscape, Sector 59, Gurugram, Haryana, 122101"},{"attribute_code":"live_url","value":"http://mamaearth.in/product/baby-face-cream"},{"attribute_code":"license_no","value":"HIM/COS/16/241"},{"attribute_code":"length","value":"10"},{"attribute_code":"google_category","value":"567"},{"attribute_code":"cms_sequence","value":"1,2,3,4,5,6,7,8"},{"attribute_code":"width","value":"5"},{"attribute_code":"height","value":"5"},{"attribute_code":"breadcrumb_category","value":"190","title":"Baby Cream","url_key":"baby-cream"},{"attribute_code":"custom_product_type","value":"ba_skin"},{"attribute_code":"brand","value":"4"},{"attribute_code":"product_card_tags","value":"Moisturizes | Soothes | Heals Chapped Skin"},{"attribute_code":"saving_scheme","value":"price_per_gm"},{"attribute_code":"product_subtitle_keys","value":"Buy 1 Get 1 FREE, Face Cream, Babies"},{"attribute_code":"is_suitable_for_skin_type","value":"464","label":"dry"},{"attribute_code":"skin_goals","value":"467,468","label":"moisturization, smooth skin"},{"attribute_code":"tax_class_id","value":"2"},{"attribute_code":"create_scarcity","value":"0"},{"attribute_code":"hide_product_infront","value":"0"},{"attribute_code":"show_in_feed","value":"1"},{"attribute_code":"base_category","value":"84"},{"attribute_code":"base_sub_category","value":"51"},{"attribute_code":"show_price_per_unit","value":"1"},{"attribute_code":"volume","value":"60"},{"attribute_code":"enable_fbt_popup","value":"0"},{"attribute_code":"enable_product_for_wa_commerce","value":"0"},{"attribute_code":"strikethrough","value":"1"},{"attribute_code":"tag_keywords","value":"Babies, baby, bath, care, Cream, earth, Face, Facecream, mama, mamaearth, Milky, products, Skin, Skincare, Soft"},{"attribute_code":"short_description","value":"\u003cp class=\"stock in-stock\" style=\"text-align: justify;\"\u003eHi! I am Mamaearth's Milky Soft Face Cream. With the goodness of Almond Oil and Murumuru Butter, I moisturize baby's delicate skin and protect it from dryness by forming a skin barrier. Milk protein in me locks in the moisture and soothes baby's delicate skin. Shea and cocoa butter improve skin texture by providing relief from eczema, chapped, dry and itchy skin. I am a dermatologically tested, pH balanced \u003cstrong\u003eBaby cream\u003c/strong\u003e and contain no harmful chemicals like SLS, paraben, sulfate, mineral oil, PEGs, phthalates, or artificial fragrances.\u003c/p\u003e"},{"attribute_code":"attribute_value_1","value":"\u003cdiv class=\"list-banner\"\u003e\u003cimg src=\"https://images.mamaearth.in/wysiwyg/All-Aplus/Baby-Care-Ecomm-A%2B.jpg\" alt=\"Mamaearth Milky soft face cream\" /\u003e\r\n\u003cp style=\"text-align: center;\"\u003eMamaearth Milky Soft Face Cream\u003c/p\u003e\r\n\u003c/div\u003e"},{"attribute_code":"attribute_value_2","value":"\u003cul class=\"woodmart-list\"\u003e\r\n\u003cli\u003e\r\n\u003cdiv class=\"list-icon\"\u003e\u003cimg loading=\"lazy\" src=\"https://images.mamaearth.in/wysiwyg/Milky%20Soft%20Face%20Cream%20With%20Murumuru%20Butter%20for%20Babies%2C%2060%20ml/Mamaearth%20Face%20Cream%20for%20Kids%20as%20Baby%20cream%20with%20Milk%20Protein1.jpg\" alt=\"Mamaearth Face Cream for Kids as Baby cream with Milk Protein\" /\u003e\u003c/div\u003e\r\n\u003cspan class=\"list-content\" style=\"text-align: justify;\"\u003e\u003cstrong\u003eMilk Protein : \u003c/strong\u003eIt soothes irritated and dry skin. It hydrates the skin and locks the moisture with its nourishing and healing properties.\u003c/span\u003e\u003c/li\u003e\r\n\u003cli\u003e\r\n\u003cdiv class=\"list-icon\"\u003e\u003cimg loading=\"lazy\" src=\"https://images.mamaearth.in/wysiwyg/Milky%20Soft%20Face%20Cream%20With%20Murumuru%20Butter%20for%20Babies%2C%2060%20ml/Mamaearth%20Milky%20soft%20baby%20cream%20with%20Murumuru%20Butter1.jpg\" alt=\"Mamaearth Milky soft baby cream with Murumuru Butter\" /\u003e\u003c/div\u003e\r\n\u003cspan class=\"list-content\" style=\"text-align: justify;\"\u003e\u003cstrong\u003eMurumuru Butter : \u003c/strong\u003eIt has anti-inflammatory properties and seals moisture in the skin. It has a versatile texture and never leaves any greasy or oily residue behind.\u003c/span\u003e\u003c/li\u003e\r\n\u003cli\u003e\r\n\u003cdiv class=\"list-icon\"\u003e\u003cimg loading=\"lazy\" src=\"https://images.mamaearth.in/wysiwyg/Milky%20Soft%20Face%20Cream%20With%20Murumuru%20Butter%20for%20Babies%2C%2060%20ml/Mamaearth%20Skin%20Whitening%20Cream%20for%20baby%20as%20Baby%20face%20cream%20for%20Dry%20Skin%20with%20Shea%20Butter1.jpg\" alt=\"Mamaearth Skin Whitening Cream for baby as Baby face cream for Dry Skin with Shea Butter\" /\u003e\u003c/div\u003e\r\n\u003cspan class=\"list-content\" style=\"text-align: justify;\"\u003e\u003cstrong\u003eShea Butter : \u003c/strong\u003eKnown for its anti-inflammatory and healing properties, shea butter also conditions, tones, and soothes the skin.\u003c/span\u003e\u003c/li\u003e\r\n\u003cli\u003e \u003c/li\u003e\r\n\u003c/ul\u003e"},{"attribute_code":"attribute_value_3","value":"\u003cul\u003e\r\n\u003cli\u003e\u003cspan class=\"list-content\"\u003e\u003cstrong\u003eStep 1 : \u003c/strong\u003eTake a small amount of cream on your palm.\u003c/span\u003e\u003c/li\u003e\r\n\u003cli\u003e\u003cspan class=\"list-content\"\u003e\u003cstrong\u003eStep 2 : \u003c/strong\u003eApply all over your baby\u0026rsquo;s face and neck.\u003c/span\u003e\u003c/li\u003e\r\n\u003cli\u003e\u003cspan class=\"list-content\"\u003e\u003cstrong\u003eStep 3 : \u003c/strong\u003eMassage in gentle upward circular motions.\u003c/span\u003e\u003c/li\u003e\r\n\u003cli\u003e\u003cspan class=\"list-content\"\u003e\u003cstrong\u003eStep 4 : \u003c/strong\u003eFor best results, apply twice a day.\u003c/span\u003e\u003c/li\u003e\r\n\u003c/ul\u003e"},{"attribute_code":"attribute_value_4","value":"\u003cul style=\"list-style: disc; padding-left: 1em;\"\u003e\r\n\u003cli\u003e\u003cspan class=\"list-content\"\u003eChildren within the age group of 0-5 years\u003c/span\u003e\u003c/li\u003e\r\n\u003cli\u003e\r\n\u003cdiv class=\"list-icon fa fa-check\"\u003eAnyone with dry skin\u003c/div\u003e\r\n\u003c/li\u003e\r\n\u003c/ul\u003e"},{"attribute_code":"attribute_value_5","value":"\u003cul class=\"compare-list\"\u003e\r\n\u003cli\u003e\r\n\u003cdiv class=\"compare-img\"\u003e\u003cimg src=\"https://images.mamaearth.in/wysiwyg/Milky%20Soft%20Face%20Cream%20With%20Murumuru%20Butter%20for%20Babies%2C%2060%20ml/Mamaearth%20Baby%20Skin%20Whitening%20Cream%20as%20Mamaearth%20Milky%20Soft%20Face%20Cream1.jpg\" alt=\"Mamaearth Baby Skin Whitening Cream as Mamaearth Milky Soft Face Cream\" /\u003e\u003c/div\u003e\r\n\u003cdiv class=\"compare-content\"\u003e\r\n\u003cul\u003e\r\n\u003cli\u003eSoothes Baby’s Dry \u0026amp; Itchy Skin\u003c/li\u003e\r\n\u003cli\u003eImproves Skin Texture\u003c/li\u003e\r\n\u003cli\u003eActs as Skin Protectant\u003c/li\u003e\r\n\u003cli\u003e5.6 Ph-Balanced Formula\u003c/li\u003e\r\n\u003cli\u003eKeeps Skin Soft \u0026amp; Moisturized\u003c/li\u003e\r\n\u003cli\u003eDermatologically Tested\u003c/li\u003e\r\n\u003c/ul\u003e\r\n\u003c/div\u003e\r\n\u003c/li\u003e\r\n\u003cli\u003e\r\n\u003cdiv class=\"compare-img\"\u003e\u003cimg src=\"https://images.mamaearth.in/wysiwyg/Milky%20Soft%20Face%20Cream%20With%20Murumuru%20Butter%20for%20Babies%2C%2060%20ml/Mamaearth%20Skin%20Whitening%20Cream%20for%20Baby%20Cream1.jpg\" alt=\"Mama earth cream for kids\" /\u003e\u003c/div\u003e\r\n\u003cdiv class=\"compare-content\"\u003e\r\n\u003cul\u003e\r\n\u003cli\u003eForms a Layer On the Skin\u003c/li\u003e\r\n\u003cli\u003eDoes Not Improve Skin Texture\u003c/li\u003e\r\n\u003cli\u003eMakes Skin Look Greasy\u003c/li\u003e\r\n\u003cli\u003eReacts On Sensitive Skin\u003c/li\u003e\r\n\u003cli\u003eContains Parabens \u0026amp; Silicones\u003c/li\u003e\r\n\u003c/ul\u003e\r\n\u003c/div\u003e\r\n\u003c/li\u003e\r\n\u003c/ul\u003e"},{"attribute_code":"attribute_value_6","value":"\u003ctable style=\"width: 601px;\"\u003e\r\n\u003ctbody\u003e\r\n\u003ctr\u003e\r\n\u003ctd width=\"150\"\u003e\u003cspan\u003eIngredients\u003c/span\u003e\u003c/td\u003e\r\n\u003ctd width=\"150\"\u003e\u003cspan\u003eType\u003c/span\u003e\u003c/td\u003e\r\n\u003ctd width=\"150\"\u003e\u003cspan\u003eWhere It Comes From?\u003c/span\u003e\u003c/td\u003e\r\n\u003ctd width=\"150\"\u003e\u003cspan\u003eHow It Helps?\u003c/span\u003e\u003c/td\u003e\r\n\u003c/tr\u003e\r\n\u003ctr\u003e\r\n\u003ctd width=\"150\"\u003eAqua\u003c/td\u003e\r\n\u003ctd width=\"150\"\u003eNatural\u003c/td\u003e\r\n\u003ctd width=\"150\"\u003eWater\u003c/td\u003e\r\n\u003ctd width=\"150\"\u003eDiluent\u003c/td\u003e\r\n\u003c/tr\u003e\r\n\u003ctr\u003e\r\n\u003ctd width=\"150\"\u003ePropanediol\u003c/td\u003e\r\n\u003ctd width=\"150\"\u003eNatural\u003c/td\u003e\r\n\u003ctd width=\"150\"\u003ePlant-Based\u003c/td\u003e\r\n\u003ctd width=\"150\"\u003eEmollient, Humectant, and Solvent\u003c/td\u003e\r\n\u003c/tr\u003e\r\n\u003ctr\u003e\r\n\u003ctd width=\"150\"\u003eVegetable Glycerin\u003c/td\u003e\r\n\u003ctd width=\"150\"\u003eNatural\u003c/td\u003e\r\n\u003ctd width=\"150\"\u003ePlant-Based\u003c/td\u003e\r\n\u003ctd width=\"150\"\u003eHumectant\u003c/td\u003e\r\n\u003c/tr\u003e\r\n\u003ctr\u003e\r\n\u003ctd width=\"150\"\u003eIsopropyl Myristate\u003c/td\u003e\r\n\u003ctd width=\"150\"\u003eNatural\u003c/td\u003e\r\n\u003ctd width=\"150\"\u003ePlant-Based\u003c/td\u003e\r\n\u003ctd width=\"150\"\u003eEmollient \u0026amp; Moisturizing agent\u003c/td\u003e\r\n\u003c/tr\u003e\r\n\u003ctr\u003e\r\n\u003ctd width=\"150\"\u003eGlyceryl Monostearate\u003c/td\u003e\r\n\u003ctd width=\"150\"\u003eNatural\u003c/td\u003e\r\n\u003ctd width=\"150\"\u003ePlant-Based\u003c/td\u003e\r\n\u003ctd width=\"150\"\u003eSkin Lubricant\u003c/td\u003e\r\n\u003c/tr\u003e\r\n\u003ctr\u003e\r\n\u003ctd width=\"150\"\u003eCetyl Stearyl Alcohol\u003c/td\u003e\r\n\u003ctd width=\"150\"\u003eNatural\u003c/td\u003e\r\n\u003ctd width=\"150\"\u003ePlant-Based\u003c/td\u003e\r\n\u003ctd width=\"150\"\u003eEmollient \u0026amp; Thickening Agent\u003c/td\u003e\r\n\u003c/tr\u003e\r\n\u003ctr\u003e\r\n\u003ctd width=\"150\"\u003e\r\n\u003cp\u003eCetearyl\u003c/p\u003e\r\n\u003cp\u003eOctanoate\u003c/p\u003e\r\n\u003c/td\u003e\r\n\u003ctd width=\"150\"\u003eSynthetic\u003c/td\u003e\r\n\u003ctd width=\"150\"\u003eSynthetic\u003c/td\u003e\r\n\u003ctd width=\"150\"\u003eSkin Conditioner and Thickening Agent\u003c/td\u003e\r\n\u003c/tr\u003e\r\n\u003ctr\u003e\r\n\u003ctd width=\"150\"\u003eCetyl Ester\u003c/td\u003e\r\n\u003ctd width=\"150\"\u003eSynthetic\u003c/td\u003e\r\n\u003ctd width=\"150\"\u003eSynthetic\u003c/td\u003e\r\n\u003ctd width=\"150\"\u003eIncreases Viscosity\u003c/td\u003e\r\n\u003c/tr\u003e\r\n\u003ctr\u003e\r\n\u003ctd width=\"150\"\u003eGlyceryl Stearate Citrate\u003c/td\u003e\r\n\u003ctd width=\"150\"\u003eNatural\u003c/td\u003e\r\n\u003ctd width=\"150\"\u003eSoy Oil\u003c/td\u003e\r\n\u003ctd width=\"150\"\u003eHelps Retain Moisture\u003c/td\u003e\r\n\u003c/tr\u003e\r\n\u003ctr\u003e\r\n\u003ctd width=\"150\"\u003eHydroxypropyl Starch Phosphate\u003c/td\u003e\r\n\u003ctd width=\"150\"\u003eNatural\u003c/td\u003e\r\n\u003ctd width=\"150\"\u003eNaturally-Derived Sugar\u003c/td\u003e\r\n\u003ctd width=\"150\"\u003eSurfactant and Emulsifier\u003c/td\u003e\r\n\u003c/tr\u003e\r\n\u003ctr\u003e\r\n\u003ctd width=\"150\"\u003eShea Butter\u003c/td\u003e\r\n\u003ctd width=\"150\"\u003eNatural\u003c/td\u003e\r\n\u003ctd width=\"150\"\u003eNuts Of Shea Tree\u003c/td\u003e\r\n\u003ctd width=\"150\"\u003eMoisturizing Agent\u003c/td\u003e\r\n\u003c/tr\u003e\r\n\u003ctr\u003e\r\n\u003ctd width=\"150\"\u003eBetaine\u003c/td\u003e\r\n\u003ctd width=\"150\"\u003eNatural\u003c/td\u003e\r\n\u003ctd width=\"150\"\u003ePlant-Based\u003c/td\u003e\r\n\u003ctd width=\"150\"\u003eCalming Agent\u003c/td\u003e\r\n\u003c/tr\u003e\r\n\u003ctr\u003e\r\n\u003ctd width=\"150\"\u003eMurumuru Seed Butter\u003c/td\u003e\r\n\u003ctd width=\"150\"\u003eNatural\u003c/td\u003e\r\n\u003ctd width=\"150\"\u003eMurumuru Palm Tree\u003c/td\u003e\r\n\u003ctd width=\"150\"\u003eAnti-inflammatory agent\u003c/td\u003e\r\n\u003c/tr\u003e\r\n\u003ctr\u003e\r\n\u003ctd width=\"150\"\u003eMilk Protein\u003c/td\u003e\r\n\u003ctd width=\"150\"\u003eNatural\u003c/td\u003e\r\n\u003ctd width=\"150\"\u003eMilk\u003c/td\u003e\r\n\u003ctd width=\"150\"\u003eHydrating Agent\u003c/td\u003e\r\n\u003c/tr\u003e\r\n\u003ctr\u003e\r\n\u003ctd width=\"150\"\u003eCalendula Oil\u003c/td\u003e\r\n\u003ctd width=\"150\"\u003eNatural\u003c/td\u003e\r\n\u003ctd width=\"150\"\u003eMarigold\u003c/td\u003e\r\n\u003ctd width=\"150\"\u003eHealing Agent\u003c/td\u003e\r\n\u003c/tr\u003e\r\n\u003ctr\u003e\r\n\u003ctd width=\"150\"\u003eAllantoin\u003c/td\u003e\r\n\u003ctd width=\"150\"\u003eNatural\u003c/td\u003e\r\n\u003ctd width=\"150\"\u003eExtracts of comfrey\u003c/td\u003e\r\n\u003ctd width=\"150\"\u003eSkin Smoothening Agent\u003c/td\u003e\r\n\u003c/tr\u003e\r\n\u003ctr\u003e\r\n\u003ctd width=\"150\"\u003eSodium Benzoate\u003c/td\u003e\r\n\u003ctd width=\"150\"\u003eNatural\u003c/td\u003e\r\n\u003ctd width=\"150\"\u003ePlant-Based\u003c/td\u003e\r\n\u003ctd width=\"150\"\u003eImproves Skin\u0026rsquo;s Health\u003c/td\u003e\r\n\u003c/tr\u003e\r\n\u003ctr\u003e\r\n\u003ctd width=\"150\"\u003eDexpanthenol\u003c/td\u003e\r\n\u003ctd width=\"150\"\u003eNatural\u003c/td\u003e\r\n\u003ctd width=\"150\"\u003ePlant-Based\u003c/td\u003e\r\n\u003ctd width=\"150\"\u003eMaintains Skin\u0026rsquo;s Softness \u0026amp; Elasticity\u003c/td\u003e\r\n\u003c/tr\u003e\r\n\u003ctr\u003e\r\n\u003ctd width=\"150\"\u003eTocopherol\u003c/td\u003e\r\n\u003ctd width=\"150\"\u003eNatural\u003c/td\u003e\r\n\u003ctd width=\"150\"\u003ePlant-Based\u003c/td\u003e\r\n\u003ctd width=\"150\"\u003eKeeps Skin Hydrated\u003c/td\u003e\r\n\u003c/tr\u003e\r\n\u003ctr\u003e\r\n\u003ctd width=\"150\"\u003eSunflower Seed Oil\u003c/td\u003e\r\n\u003ctd width=\"150\"\u003eNatural\u003c/td\u003e\r\n\u003ctd width=\"150\"\u003ePlant-Based\u003c/td\u003e\r\n\u003ctd width=\"150\"\u003eHelps the Skin Retain Its Moisture\u003c/td\u003e\r\n\u003c/tr\u003e\r\n\u003ctr\u003e\r\n\u003ctd width=\"150\"\u003eSodium Gluconate\u003c/td\u003e\r\n\u003ctd width=\"150\"\u003eNatural\u003c/td\u003e\r\n\u003ctd width=\"150\"\u003eGlucose (Sugar)\u003c/td\u003e\r\n\u003ctd width=\"150\"\u003eHumectant\u003c/td\u003e\r\n\u003c/tr\u003e\r\n\u003ctr\u003e\r\n\u003ctd width=\"150\"\u003eAcacia Senegal Gum\u003c/td\u003e\r\n\u003ctd width=\"150\"\u003eNatural\u003c/td\u003e\r\n\u003ctd width=\"150\"\u003ePlant-Based\u003c/td\u003e\r\n\u003ctd width=\"150\"\u003eAnti-inflammatory\u003c/td\u003e\r\n\u003c/tr\u003e\r\n\u003ctr\u003e\r\n\u003ctd width=\"150\"\u003eXanthan Gum\u003c/td\u003e\r\n\u003ctd width=\"150\"\u003eNatural\u003c/td\u003e\r\n\u003ctd width=\"150\"\u003ePlant-Based\u003c/td\u003e\r\n\u003ctd width=\"150\"\u003eHydrating Agent\u003c/td\u003e\r\n\u003c/tr\u003e\r\n\u003ctr\u003e\r\n\u003ctd width=\"150\"\u003ePotassium Sorbate\u003c/td\u003e\r\n\u003ctd width=\"150\"\u003eNatural\u003c/td\u003e\r\n\u003ctd width=\"150\"\u003eFruits\u003c/td\u003e\r\n\u003ctd width=\"150\"\u003ePreservatives\u003c/td\u003e\r\n\u003c/tr\u003e\r\n\u003ctr\u003e\r\n\u003ctd width=\"150\"\u003eIFRA Certified Allergen Free Fragrance\u003c/td\u003e\r\n\u003ctd width=\"150\"\u003eSynthetic\u003c/td\u003e\r\n\u003ctd width=\"150\"\u003e\u003c/td\u003e\r\n\u003ctd width=\"150\"\u003eFragrance\u003c/td\u003e\r\n\u003c/tr\u003e\r\n\u003c/tbody\u003e\r\n\u003c/table\u003e"},{"attribute_code":"attribute_value_7","value":"\u003cdiv id=\"faqs\"\u003e\r\n\u003cp\u003eIs Mamaearth Milky Soft Face Cream product safe?\u003c/p\u003e\r\n\u003cp\u003eYes, Mamaearth milky soft face cream for babies is a safe product. This Mamaearth baby cream for dry skin is made of natural ingredients like milk protein, murumuru butter and shea butter, adn does not contain any harmful chemicals or toxins.\u003c/p\u003e\r\n\u003cp\u003eHow to use milky soft face cream?\u003c/p\u003e\r\n\u003cp\u003eTake a small amount of milky baby cream on your palm. Then, apply the skin soft cream all over your baby’s face and neck and massage in a gentle upward circular motion. For best results, apply the baby butter face cream twice a day.\u003c/p\u003e\r\n\u003cp\u003eHow to keep baby skin soft and fair?\u003c/p\u003e\r\n\u003cp\u003eUse Mamaearth Milky Soft Face Cream with the goodness of murumuru butter for skin twice a day to keep baby skin soft and fair. It is also just as important to keep the baby properly nourished and hydrated at all times. And the Mamaearth baby face cream price is Rs.199.\u003c/p\u003e\r\n\u003cp\u003eCan a teenager use this baby face cream for dry skin as a moisturizer?\u003c/p\u003e\r\n\u003cp\u003eYes, a teenager can also use the Mamaearth baby face cream as a moisturizer to get that soft and smooth skin texture. This skin soft cream is made only of gentle and natural ingredients, and can thus be used by everyone. All the mamaearth baby cream ingredients are natural.\u003c/p\u003e\r\n\u003cp\u003eIs this Babyface cream Safe for Sensitive Skin?\u003c/p\u003e\r\n\u003cp\u003eYes, this baby cream is safe for sensitive skin, but we always recommend a prior patch test of this baby cream Mamaearth.\u003c/p\u003e\r\n\u003cp\u003eHow Often Can I Use This Baby cream?\u003c/p\u003e\r\n\u003cp\u003eUse this baby cream for face after bathing and pat drying your baby’s face and neck. Use this Mamaearth skin whitening cream for baby at night before bedtime\u003c/p\u003e\r\n\u003cp\u003eCan I Use This Baby Cream On the Body As Well?\u003c/p\u003e\r\n\u003cp\u003eYes, this Mama earth cream for kids can be used on the body as well.\u003c/p\u003e\r\n\u003cp\u003eWhat are the Benefits of Milky Soft Baby Face Cream?\u003c/p\u003e\r\n\u003cp\u003eMamaearth milky soft baby face cream moisturizes the baby's delicate skin and protects it from dryness by forming a skin barrier. Milk protein in it locks in the moisture and soothes the baby's delicate skin. Shea and cocoa butter improve skin texture by providing relief from eczema, chapped, dry and itchy skin.\u003c/p\u003e\r\n\u003cp\u003eWhat are the Side Effects of Baby Face Cream?\u003c/p\u003e\r\n\u003cp\u003eMamaearth Milky Soft Baby Face Cream is dermatologically tested and is suitable for all skin types. This Mamaearth milky soft face cream with murumuru butter for babies contains no harmful chemicals, it is made with natural ingredients and has no side effects.\u003c/p\u003e\r\n\u003cp\u003eCan use this Mamaearth face cream for kids in the summer season?\u003c/p\u003e\r\n\u003cp\u003eYes, Mamaearth milky soft baby cream can be used in summers.\u003c/p\u003e\r\n\u003cp\u003eCan this Mama earth cream for kids be used for new born babies?\u003c/p\u003e\r\n\u003cp\u003eYes, Mamaearth milky soft baby face cream can be used on newborns.\u003c/p\u003e\r\n\u003cp\u003eWhat is the Mamaearth baby cream price?\u003c/p\u003e\r\n\u003cp\u003eMama earth baby cream price is pocket friendly. This Mamaearth cream baby costs is Rs.199 for 60ml.\u003c/p\u003e\r\n\u003cp\u003eWhich cream is best for a baby's face?\u003c/p\u003e\r\n\u003cp\u003eYour baby’s skin requires extra care and attention. It is essential to nourish your little munchkin’s sensitive skin with Mamaearth Milky Soft Face Cream, trusted by thousands of women for their babies. It is explicitly designed with awareness of newborns' tender, sensitive, and delicate skin. Additionally, it calms and profoundly hydrates the dehydrated, itchy skin of babies. It is enhanced with Murumuru Butter, which calms and softly hydrates newborns' dry, irritated skin. It is made with Milk Protein and Sunflower Seed Oil, which protects the baby's skin and maintains it smooth, silky, and healthy.\u003c/p\u003e\r\n\u003cp\u003eDo babies require Milky Soft Face Cream?\u003c/p\u003e\r\n\u003cp\u003eBabies with highly chapped, itchy skin are often recommended to try Mamaearth Milky Soft Face Cream. It is enhanced with Murumuru Butter, which calms and softly hydrates newborns' dry and irritated skin. It is made with Milk Protein and Sunflower Seed Oil, which protects the baby's skin and maintains it to keep it smooth, silky, and healthy all day.\u003c/p\u003e\r\n\u003cp\u003eWhen to apply baby cream on a baby's face?\u003c/p\u003e\r\n\u003cp\u003eUsing a baby lotion or moisturizing cream twice daily will help prevent dry and cracked skin. After giving them a relaxing bath, use it within a few minutes to seal in moisture and ensure healthier skin with every use. \u003c/p\u003e\r\n\u003c/div\u003e"},{"attribute_code":"meta_keyword","value":"mama earth cream for kids, Baby Face Cream for Dry Skin, Mamaearth baby cream price, Mamaearth milky soft baby face cream, Baby cream, baby face cream, Best Baby cream, Mamaearth Baby Cream, baby moisturizing cream, mamaearth baby face cream, baby winter cream, skin soft cream, baby cold cream, kids cream, baby skin cream, baby moisturizer for face, best baby moisturizer cream, children cream, Mamaearth face cream for kids, Mamaearth skin whitening cream for baby, mamaearth milky soft face cream, baby cream mamaearth, mamaearth baby cream for dry skin"},{"attribute_code":"bestseller","value":"Bestseller"},{"attribute_code":"special_price","value":null},{"attribute_code":"special_from_date","value":"2024-05-10 10:59:00"}],"hide_in_front":0,"image":"/1/_/1_98.jpg","is_in_stock":true,"name":"Milky Soft Face Cream With Murumuru Butter for Babies, 60g","position":"5","price":"199.00","product_card_tags":"Moisturizes | Soothes | Heals Chapped Skin","review_count":371,"sku":"8906087770534","special_price":"","special_price_from_date":{"date":"2024-05-10 16:29:00","timezone_type":3,"timezone":"Asia/Kolkata"},"tags":"best-seller","url_key":"baby-face-cream","imageAltTags":[],"product_subtitle_keys":["Buy 1 Get 1 FREE"," Face Cream"," Babies"],"size":"60g","unitPrice":"3.32/g","old_productid":"12252","generic_name":null},{"id":1261,"tier_prices":[],"avg_rating_percent":100,"categories":[2,5,18,21,23,24,51,84,128,130,131,134,135,139,218,239,253,45,129,133,440,441,435],"created_at":"2024-04-16 07:26:31","custom_attributes":[{"attribute_code":"manufacturer","value":"Kapco International Pvt. Ltd.  Plot 11, Sector 3, Parwanoo, Himachal Pradesh, India- 173220"},{"attribute_code":"meta_title","value":"Vitamin C Face Wash with Vitamin C and Turmeric – 150ml"},{"attribute_code":"meta_description","value":"Vitamin C Face Wash with Vitamin C and Turmeric – 150ml"},{"attribute_code":"image","value":"/v/i/vit-c-face-wash_1_1.jpg"},{"attribute_code":"small_image","value":"/v/i/vit-c-face-wash_1_1.jpg"},{"attribute_code":"thumbnail","value":"/v/i/vit-c-face-wash_1_1.jpg"},{"attribute_code":"options_container","value":"container2"},{"attribute_code":"small_image_label","value":"mamaearth vitamin c face wash for skin illumination "},{"attribute_code":"thumbnail_label","value":"mamaearth vitamin c face wash for skin illumination "},{"attribute_code":"country_of_manufacture","value":"IN"},{"attribute_code":"url_key","value":"vitamin-c-face-wash-with-vitamin-c-and-turmeric-150ml"},{"attribute_code":"msrp_display_actual_price_type","value":"0"},{"attribute_code":"gift_message_available","value":"2"},{"attribute_code":"swatch_image","value":"/v/i/vit-c-face-wash_1_1.jpg"},{"attribute_code":"attribute_label_1","value":"Results of Mamaearth Vitamin C Face Wash"},{"attribute_code":"attribute_label_2","value":"Key Ingredients"},{"attribute_code":"attribute_label_3","value":"How to Use"},{"attribute_code":"attribute_label_4","value":"Who can Use"},{"attribute_code":"attribute_label_5","value":"Why Mamaearth"},{"attribute_code":"attribute_label_6","value":"Ingredient List"},{"attribute_code":"attribute_label_7","value":"FAQS"},{"attribute_code":"best_before","value":"24 Months"},{"attribute_code":"dimensions","value":"10 * 5 * 5 cm"},{"attribute_code":"ean_code","value":"8904417312546"},{"attribute_code":"mrp","value":"399"},{"attribute_code":"old_productid","value":"1260"},{"attribute_code":"weight_when_packed","value":"0.500"},{"attribute_code":"tags","value":"trending"},{"attribute_code":"marketed_by","value":"Honasa Consumer Limited, 10th and 11th Floor, Capital Cyberscape, Sector 59, Gurugram, Haryana, 122101"},{"attribute_code":"live_url","value":"https://mamaearth.in/product/vitamin-c-face-wash-with-vitamin-c-and-turmeric-150ml"},{"attribute_code":"license_no","value":"S-COS/10/19"},{"attribute_code":"length","value":"10"},{"attribute_code":"google_category","value":"2526"},{"attribute_code":"cms_sequence","value":"1,2,3,4,5,6,7,8"},{"attribute_code":"width","value":"5"},{"attribute_code":"height","value":"5"},{"attribute_code":"breadcrumb_category","value":"51","title":"Best Face Wash for Men \u0026 Women ","url_key":"face-wash"},{"attribute_code":"custom_product_type","value":"be_face"},{"attribute_code":"brand","value":"4"},{"attribute_code":"product_card_tags","value":"Brightens Skin | Evens Skin Tone| Makes Skin Glow"},{"attribute_code":"saving_scheme","value":"price_per_100_ml"},{"attribute_code":"product_subtitle_keys","value":"Buy 1 Get 1 FREE, Face Cleanser, Vitamin C"},{"attribute_code":"is_suitable_for_skin_type","value":"465","label":"normal"},{"attribute_code":"skin_goals","value":"469,470,471","label":"bright skin, even skin tone, cleansing"},{"attribute_code":"tax_class_id","value":"2"},{"attribute_code":"create_scarcity","value":"1"},{"attribute_code":"hide_product_infront","value":"0"},{"attribute_code":"show_in_feed","value":"1"},{"attribute_code":"base_category","value":"86"},{"attribute_code":"base_sub_category","value":"65"},{"attribute_code":"key_ingredient","value":"501"},{"attribute_code":"show_price_per_unit","value":"1"},{"attribute_code":"volume","value":"150"},{"attribute_code":"enable_fbt_popup","value":"0"},{"attribute_code":"vitamin_c_face_wash","value":"400"},{"attribute_code":"strikethrough","value":"1"},{"attribute_code":"short_description","value":"\u003cp\u003eThe first step in a skincare routine, cleansing or washing your face helps in eliminating excess oil, dirt, and lethargy.\u003cbr /\u003e \u003cstrong\u003eMamaearth vitamin c face wash\u003c/strong\u003e with the goodness of Vitamin C and Turmeric has brightening properties to give your skin a natural glow. It also helps in skin repair by boosting collagen production and blood circulation, leaving the skin radiant and healthy. Perfect for daily use, this face wash suits all skin types, retains moisture, controls excess oil, and fights free radical damage.\u003cbr /\u003eDermatologically tested, this \u003cstrong\u003evitamin c face wash\u003c/strong\u003e has no harmful chemicals and is free of Toxins, Parabens, and Mineral Oils\u003c/p\u003e"},{"attribute_code":"attribute_value_1","value":"\u003cdiv class=\"list-banner\"\u003e\u003cimg src=\"https://images.mamaearth.in/wysiwyg/vit_c_150ml_fw.jpg\" alt=\"Mamaearth Vitamin C Face Wash\" /\u003e\r\n\u003cp style=\"text-align: center;\"\u003eMamaearth Vitamin C Face Wash\u003c/p\u003e\r\n\u003c/div\u003e"},{"attribute_code":"attribute_value_2","value":"\u003cul class=\"woodmart-list\"\u003e\r\n\u003cli\u003e\r\n\u003cdiv class=\"list-icon\"\u003e\u003cimg src=\"https://images.mamaearth.in/wysiwyg/Vitamin%20C%20Face%20Wash%20with%20Vitamin%20C%20and%20Turmeric%20for%20Skin%20Illumination%20-%20100ml/Mama%20vitamin%20c%20face%20wash%20with%20vitamin%20c1.jpg\" alt=\"Mama vitamin c face wash with vitamin c\" /\u003e\u003c/div\u003e\r\n\u003cspan class=\"list-content\" style=\"text-align: justify;\"\u003e\u003cstrong\u003eVitamin C : \u003c/strong\u003eAlong with fighting sun damage and providing radiance, Vitamin C also helps in smoothing and firming the skin by encouraging the regeneration of new skin cells.\u003c/span\u003e\u003c/li\u003e\r\n\u003cli\u003e\r\n\u003cdiv class=\"list-icon\"\u003e\u003cimg src=\"https://images.mamaearth.in/wysiwyg/Vitamin%20C%20Face%20Wash%20with%20Vitamin%20C%20and%20Turmeric%20for%20Skin%20Illumination%20-%20100ml/Mamaearth%20vitamin%20c%20face%20wash%20uses%20with%20vitamin%20c%20face%20wash%20with%20turmeric1.jpg\" alt=\"Mamaearth vitamin c face wash uses with vitamin c face wash with turmeric\" /\u003e\u003c/div\u003e\r\n\u003cspan class=\"list-content\" style=\"text-align: justify;\"\u003e\u003cstrong\u003eTurmeric : \u003c/strong\u003eWith anti-Inflammatory and antiseptic properties, Turmeric protects the skin naturally. It revives the skin by bringing out its natural glow while delaying premature aging.\u003c/span\u003e\u003c/li\u003e\r\n\u003cli\u003e\r\n\u003cdiv class=\"list-icon\"\u003e\u003cimg src=\"https://images.mamaearth.in/wysiwyg/Vitamin%20C%20Face%20Wash%20with%20Vitamin%20C%20and%20Turmeric%20for%20Skin%20Illumination%20-%20100ml/vitamin%20c%20face%20wash%20with%20aloe%20vera1.jpg\" alt=\"mama face wash vitamin c with aloe vera\" /\u003e\u003c/div\u003e\r\n\u003cspan class=\"list-content\" style=\"text-align: justify;\"\u003e\u003cstrong\u003eAloe Vera : \u003c/strong\u003eIt has excellent antimicrobial, anti-inflammatory and skin healing properties. Aloe Vera soothes and deeply moisturizes the skin while boosting blood flow.\u003c/span\u003e\u003c/li\u003e\r\n\u003c/ul\u003e"},{"attribute_code":"attribute_value_3","value":"\u003cul\u003e\r\n\u003cli\u003e\u003cspan class=\"list-content\"\u003e\u003cstrong\u003eStep 1 : \u003cspan style=\"font-weight: 400;\"\u003ePump out a small amount, apply on wet face and gently massage with your fingertips in a circular motion.\u003c/span\u003e\u003c/strong\u003e\u003c/span\u003e\u003c/li\u003e\r\n\u003cli\u003e\u003cspan class=\"list-content\"\u003e\u003cstrong\u003eStep 2 : \u003cspan style=\"font-weight: 400;\"\u003eConcentrate on forehead, nose, and chin. Rinse off with water and pat dry.\u003c/span\u003e\u003c/strong\u003e\u003c/span\u003e\u003c/li\u003e\r\n\u003cli\u003e\u003cspan class=\"list-content\"\u003e\u003cstrong\u003eStep 3 : \u003cspan style=\"font-weight: 400;\"\u003eAvoid contact with eyes.\u003c/span\u003e\u003c/strong\u003e\u003c/span\u003e\u003c/li\u003e\r\n\u003c/ul\u003e"},{"attribute_code":"attribute_value_4","value":"\u003cul style=\"list-style: disc; padding-left: 1em;\"\u003e\r\n\u003cli\u003e\u003cspan class=\"list-content\"\u003eMen and women of age 15 years and above\u003c/span\u003e\u003c/li\u003e\r\n\u003cli\u003e\u003cspan class=\"list-content\"\u003eThe face wash is suitable for all skin types\u003c/span\u003e\u003c/li\u003e\r\n\u003c/ul\u003e"},{"attribute_code":"attribute_value_5","value":"\u003cul class=\"compare-list\"\u003e\r\n\u003cli\u003e\r\n\u003cdiv class=\"compare-img\"\u003e\u003cimg src=\"https://images.mamaearth.in/wysiwyg/vit-c-face-wash_white_bg.jpg\" alt=\"Mamaearth Vitamin C Face Wash Better Than Others Available In The Market\" height=\"300\" /\u003e\u003c/div\u003e\r\n\u003cdiv class=\"compare-content\"\u003e\r\n\u003cul\u003e\r\n\u003cli\u003eEvens Skin Tone\u003c/li\u003e\r\n\u003cli\u003eFights Free Radical Damage\u003c/li\u003e\r\n\u003cli\u003eKeeps Skin Clean, Clear \u0026amp; Healthy\u003c/li\u003e\r\n\u003cli\u003eSuitable For All Skin Types\u003c/li\u003e\r\n\u003cli\u003eDermatologically Tested\u003c/li\u003e\r\n\u003cli\u003eNatural Ingredients\u003c/li\u003e\r\n\u003c/ul\u003e\r\n\u003c/div\u003e\r\n\u003c/li\u003e\r\n\u003cli\u003e\r\n\u003cdiv class=\"compare-img\"\u003e\u003cimg src=\"https://images.mamaearth.in/wysiwyg/Vitamin%20C%20Face%20Wash%20with%20Vitamin%20C%20and%20Turmeric%20for%20Skin%20Illumination%20-%20100ml/Vitamin%20C%20Face%20Wash%20for%20Dry%20Skin1.jpg\" alt=\"Mamaearth Face Wash Vitamin E for Dry Skin\" /\u003e\u003c/div\u003e\r\n\u003cdiv class=\"compare-content\"\u003e\r\n\u003cul\u003e\r\n\u003cli\u003eNo Effect On Skin Tone\u003c/li\u003e\r\n\u003cli\u003eNo Effect On Free Radicals\u003c/li\u003e\r\n\u003cli\u003eCauses Dryness \u0026amp; Irritates Skin\u003c/li\u003e\r\n\u003cli\u003eReacts On Sensitive Skin\u003c/li\u003e\r\n\u003cli\u003eNot Tested Dermatologically\u003c/li\u003e\r\n\u003cli\u003eContains Harmful Chemicals\u003c/li\u003e\r\n\u003c/ul\u003e\r\n\u003c/div\u003e\r\n\u003c/li\u003e\r\n\u003c/ul\u003e"},{"attribute_code":"attribute_value_6","value":"\u003ctable\u003e\r\n\u003ctbody\u003e\r\n\u003ctr\u003e\r\n\u003ctd\u003e\r\n\u003cp\u003e\u003cstrong\u003eIngredients\u003c/strong\u003e\u003c/p\u003e\r\n\u003c/td\u003e\r\n\u003ctd\u003e\r\n\u003cp\u003e\u003cstrong\u003eType\u003c/strong\u003e\u003c/p\u003e\r\n\u003c/td\u003e\r\n\u003ctd\u003e\r\n\u003cp\u003e\u003cstrong\u003eWhere Is It From?\u003c/strong\u003e\u003c/p\u003e\r\n\u003c/td\u003e\r\n\u003ctd\u003e\r\n\u003cp\u003e\u003cstrong\u003eHow It Helps?\u003c/strong\u003e\u003c/p\u003e\r\n\u003c/td\u003e\r\n\u003c/tr\u003e\r\n\u003ctr\u003e\r\n\u003ctd\u003e\r\n\u003cp\u003e\u003cspan style=\"font-weight: 400;\"\u003eAqua\u003c/span\u003e\u003c/p\u003e\r\n\u003c/td\u003e\r\n\u003ctd\u003e\r\n\u003cp\u003e\u003cspan style=\"font-weight: 400;\"\u003eNatural\u003c/span\u003e\u003c/p\u003e\r\n\u003c/td\u003e\r\n\u003ctd\u003e\r\n\u003cp\u003e\u003cspan style=\"font-weight: 400;\"\u003eWater\u003c/span\u003e\u003c/p\u003e\r\n\u003c/td\u003e\r\n\u003ctd\u003e\r\n\u003cp\u003e\u003cspan style=\"font-weight: 400;\"\u003eDiluent\u003c/span\u003e\u003c/p\u003e\r\n\u003c/td\u003e\r\n\u003c/tr\u003e\r\n\u003ctr\u003e\r\n\u003ctd\u003e\r\n\u003cp\u003e\u003cspan style=\"font-weight: 400;\"\u003eSodium Lauroyl Sarcosinate\u003c/span\u003e\u003c/p\u003e\r\n\u003c/td\u003e\r\n\u003ctd\u003e\r\n\u003cp\u003e\u003cspan style=\"font-weight: 400;\"\u003eNatural\u003c/span\u003e\u003c/p\u003e\r\n\u003c/td\u003e\r\n\u003ctd\u003e\r\n\u003cp\u003e\u003cspan style=\"font-weight: 400;\"\u003ePlant-Based \u003c/span\u003e\u003c/p\u003e\r\n\u003c/td\u003e\r\n\u003ctd\u003e\r\n\u003cp\u003e\u003cspan style=\"font-weight: 400;\"\u003e Surfactant\u003c/span\u003e\u003c/p\u003e\r\n\u003c/td\u003e\r\n\u003c/tr\u003e\r\n\u003ctr\u003e\r\n\u003ctd\u003e\r\n\u003cp\u003e\u003cspan style=\"font-weight: 400;\"\u003eCocamidopropyl Betaine\u003c/span\u003e\u003c/p\u003e\r\n\u003c/td\u003e\r\n\u003ctd\u003e\r\n\u003cp\u003e\u003cspan style=\"font-weight: 400;\"\u003eNatural\u003c/span\u003e\u003c/p\u003e\r\n\u003c/td\u003e\r\n\u003ctd\u003e\r\n\u003cp\u003e\u003cspan style=\"font-weight: 400;\"\u003eCoconut Fatty Acids\u003c/span\u003e\u003c/p\u003e\r\n\u003c/td\u003e\r\n\u003ctd\u003e\r\n\u003cp\u003e\u003cspan style=\"font-weight: 400;\"\u003eSurfactant\u003c/span\u003e\u003c/p\u003e\r\n\u003c/td\u003e\r\n\u003c/tr\u003e\r\n\u003ctr\u003e\r\n\u003ctd\u003e\r\n\u003cp\u003e\u003cspan style=\"font-weight: 400;\"\u003eAcrylates Copolymer\u003c/span\u003e\u003c/p\u003e\r\n\u003c/td\u003e\r\n\u003ctd\u003e\r\n\u003cp\u003e\u003cspan style=\"font-weight: 400;\"\u003eSynthetic\u003c/span\u003e\u003c/p\u003e\r\n\u003c/td\u003e\r\n\u003ctd\u003e\r\n\u003cp\u003e\u003cspan style=\"font-weight: 400;\"\u003eLab Synthesized\u003c/span\u003e\u003c/p\u003e\r\n\u003c/td\u003e\r\n\u003ctd\u003e\r\n\u003cp\u003e\u003cspan style=\"font-weight: 400;\"\u003eSkin Replenishing Agent\u003c/span\u003e\u003c/p\u003e\r\n\u003c/td\u003e\r\n\u003c/tr\u003e\r\n\u003ctr\u003e\r\n\u003ctd\u003e\r\n\u003cp\u003e\u003cspan style=\"font-weight: 400;\"\u003eGlycerin\u003c/span\u003e\u003c/p\u003e\r\n\u003c/td\u003e\r\n\u003ctd\u003e\r\n\u003cp\u003e\u003cspan style=\"font-weight: 400;\"\u003eNatural\u003c/span\u003e\u003c/p\u003e\r\n\u003c/td\u003e\r\n\u003ctd\u003e\r\n\u003cp\u003e\u003cspan style=\"font-weight: 400;\"\u003ePlant-Based \u003c/span\u003e\u003c/p\u003e\r\n\u003c/td\u003e\r\n\u003ctd\u003e\r\n\u003cp\u003e\u003cspan style=\"font-weight: 400;\"\u003eMoisturizer\u003c/span\u003e\u003c/p\u003e\r\n\u003c/td\u003e\r\n\u003c/tr\u003e\r\n\u003ctr\u003e\r\n\u003ctd\u003e\r\n\u003cp\u003e\u003cspan style=\"font-weight: 400;\"\u003eSodium Cocoyl Apple Amino\u003c/span\u003e\u003c/p\u003e\r\n\u003cp\u003e\u003cspan style=\"font-weight: 400;\"\u003eAcids\u003c/span\u003e\u003c/p\u003e\r\n\u003c/td\u003e\r\n\u003ctd\u003e\r\n\u003cp\u003e\u003cspan style=\"font-weight: 400;\"\u003eNatural\u003c/span\u003e\u003c/p\u003e\r\n\u003c/td\u003e\r\n\u003ctd\u003e\r\n\u003cp\u003e\u003cspan style=\"font-weight: 400;\"\u003ePlant-Based \u003c/span\u003e\u003c/p\u003e\r\n\u003c/td\u003e\r\n\u003ctd\u003e\r\n\u003cp\u003e\u003cspan style=\"font-weight: 400;\"\u003eSurfactant\u003c/span\u003e\u003c/p\u003e\r\n\u003c/td\u003e\r\n\u003c/tr\u003e\r\n\u003ctr\u003e\r\n\u003ctd\u003e\r\n\u003cp\u003e\u003cspan style=\"font-weight: 400;\"\u003eSodium PCA\u003c/span\u003e\u003c/p\u003e\r\n\u003c/td\u003e\r\n\u003ctd\u003e\r\n\u003cp\u003e\u003cspan style=\"font-weight: 400;\"\u003eNatural\u003c/span\u003e\u003c/p\u003e\r\n\u003c/td\u003e\r\n\u003ctd\u003e\u003cbr /\u003e\r\n\u003cp\u003e\u003cspan style=\"font-weight: 400;\"\u003eGlutamic Acid\u003c/span\u003e\u003c/p\u003e\r\n\u003c/td\u003e\r\n\u003ctd\u003e\u003cbr /\u003e\r\n\u003cp\u003e\u003cspan style=\"font-weight: 400;\"\u003eSkin Conditioning Agent\u003c/span\u003e\u003c/p\u003e\r\n\u003c/td\u003e\r\n\u003c/tr\u003e\r\n\u003ctr\u003e\r\n\u003ctd\u003e\r\n\u003cp\u003e\u003cspan style=\"font-weight: 400;\"\u003eSodium Benzoate\u003c/span\u003e\u003c/p\u003e\r\n\u003c/td\u003e\r\n\u003ctd\u003e\r\n\u003cp\u003e\u003cspan style=\"font-weight: 400;\"\u003eNatural\u003c/span\u003e\u003c/p\u003e\r\n\u003c/td\u003e\r\n\u003ctd\u003e\r\n\u003cp\u003e\u003cspan style=\"font-weight: 400;\"\u003ePlant-Based \u003c/span\u003e\u003c/p\u003e\r\n\u003c/td\u003e\r\n\u003ctd\u003e\r\n\u003cp\u003e\u003cspan style=\"font-weight: 400;\"\u003eAntifungal \u0026amp; Antibacterial Agent\u003c/span\u003e\u003c/p\u003e\r\n\u003c/td\u003e\r\n\u003c/tr\u003e\r\n\u003ctr\u003e\r\n\u003ctd\u003e\r\n\u003cp\u003e\u003cspan style=\"font-weight: 400;\"\u003eCocamide MEA\u003c/span\u003e\u003c/p\u003e\r\n\u003c/td\u003e\r\n\u003ctd\u003e\r\n\u003cp\u003e\u003cspan style=\"font-weight: 400;\"\u003eNatural\u003c/span\u003e\u003c/p\u003e\r\n\u003c/td\u003e\r\n\u003ctd\u003e\r\n\u003cp\u003e\u003cspan style=\"font-weight: 400;\"\u003ePlant-Based \u003c/span\u003e\u003c/p\u003e\r\n\u003c/td\u003e\r\n\u003ctd\u003e\r\n\u003cp\u003e\u003cspan style=\"font-weight: 400;\"\u003eSurfactant\u003c/span\u003e\u003c/p\u003e\r\n\u003c/td\u003e\r\n\u003c/tr\u003e\r\n\u003ctr\u003e\r\n\u003ctd\u003e\r\n\u003cp\u003e\u003cspan style=\"font-weight: 400;\"\u003eSodium Hydroxide\u003c/span\u003e\u003c/p\u003e\r\n\u003c/td\u003e\r\n\u003ctd\u003e\r\n\u003cp\u003e\u003cspan style=\"font-weight: 400;\"\u003eNatural\u003c/span\u003e\u003c/p\u003e\r\n\u003c/td\u003e\r\n\u003ctd\u003e\r\n\u003cp\u003e\u003cspan style=\"font-weight: 400;\"\u003eSalt Water\u003c/span\u003e\u003c/p\u003e\r\n\u003c/td\u003e\r\n\u003ctd\u003e\r\n\u003cp\u003e\u003cspan style=\"font-weight: 400;\"\u003epH Balancer\u003c/span\u003e\u003c/p\u003e\r\n\u003c/td\u003e\r\n\u003c/tr\u003e\r\n\u003ctr\u003e\r\n\u003ctd\u003e\r\n\u003cp\u003e\u003cspan style=\"font-weight: 400;\"\u003eMethoxycinnamidopropyl\u003c/span\u003e\u003c/p\u003e\r\n\u003cp\u003e\u003cspan style=\"font-weight: 400;\"\u003eHydroxysultaine\u003c/span\u003e\u003c/p\u003e\r\n\u003c/td\u003e\r\n\u003ctd\u003e\r\n\u003cp\u003e\u003cspan style=\"font-weight: 400;\"\u003eSynthetic\u003c/span\u003e\u003c/p\u003e\r\n\u003c/td\u003e\r\n\u003ctd\u003e\r\n\u003cp\u003e\u003cspan style=\"font-weight: 400;\"\u003eLab Synthesized\u003c/span\u003e\u003c/p\u003e\r\n\u003c/td\u003e\r\n\u003ctd\u003e\r\n\u003cp\u003e\u003cspan style=\"font-weight: 400;\"\u003eSoluent\u003c/span\u003e\u003c/p\u003e\r\n\u003c/td\u003e\r\n\u003c/tr\u003e\r\n\u003ctr\u003e\r\n\u003ctd\u003e\r\n\u003cp\u003e\u003cspan style=\"font-weight: 400;\"\u003ePolysorbate 20\u003c/span\u003e\u003c/p\u003e\r\n\u003c/td\u003e\r\n\u003ctd\u003e\r\n\u003cp\u003e\u003cspan style=\"font-weight: 400;\"\u003eNatural\u003c/span\u003e\u003c/p\u003e\r\n\u003c/td\u003e\r\n\u003ctd\u003e\r\n\u003cp\u003e\u003cspan style=\"font-weight: 400;\"\u003ePlant Based\u003c/span\u003e\u003c/p\u003e\r\n\u003c/td\u003e\r\n\u003ctd\u003e\r\n\u003cp\u003e\u003cspan style=\"font-weight: 400;\"\u003eCleansing Agent\u003c/span\u003e\u003c/p\u003e\r\n\u003c/td\u003e\r\n\u003c/tr\u003e\r\n\u003ctr\u003e\r\n\u003ctd\u003e\r\n\u003cp\u003e\u003cspan style=\"font-weight: 400;\"\u003eImidazolidinyl Urea\u003c/span\u003e\u003c/p\u003e\r\n\u003c/td\u003e\r\n\u003ctd\u003e\r\n\u003cp\u003e\u003cspan style=\"font-weight: 400;\"\u003eSynthetic\u003c/span\u003e\u003c/p\u003e\r\n\u003c/td\u003e\r\n\u003ctd\u003e\r\n\u003cp\u003e\u003cspan style=\"font-weight: 400;\"\u003eLab Synthesized\u003c/span\u003e\u003c/p\u003e\r\n\u003c/td\u003e\r\n\u003ctd\u003e\r\n\u003cp\u003e\u003cspan style=\"font-weight: 400;\"\u003ePreservative\u003c/span\u003e\u003c/p\u003e\r\n\u003c/td\u003e\r\n\u003c/tr\u003e\r\n\u003ctr\u003e\r\n\u003ctd\u003e\r\n\u003cp\u003e\u003cspan style=\"font-weight: 400;\"\u003eCitrus Aurantifolia (Lime) Oil\u003c/span\u003e\u003c/p\u003e\r\n\u003c/td\u003e\r\n\u003ctd\u003e\r\n\u003cp\u003e\u003cspan style=\"font-weight: 400;\"\u003eNatural\u003c/span\u003e\u003c/p\u003e\r\n\u003c/td\u003e\r\n\u003ctd\u003e\r\n\u003cp\u003e\u003cspan style=\"font-weight: 400;\"\u003eCold-Pressed Lemons\u003c/span\u003e\u003c/p\u003e\r\n\u003c/td\u003e\r\n\u003ctd\u003e\r\n\u003cp\u003e\u003cspan style=\"font-weight: 400;\"\u003eDisinfectant\u003c/span\u003e\u003c/p\u003e\r\n\u003c/td\u003e\r\n\u003c/tr\u003e\r\n\u003ctr\u003e\r\n\u003ctd\u003e\r\n\u003cp\u003e\u003cspan style=\"font-weight: 400;\"\u003ePotassium Sorbate\u003c/span\u003e\u003c/p\u003e\r\n\u003c/td\u003e\r\n\u003ctd\u003e\r\n\u003cp\u003e\u003cspan style=\"font-weight: 400;\"\u003eLab Synthesized\u003c/span\u003e\u003c/p\u003e\r\n\u003c/td\u003e\r\n\u003ctd\u003e\u003cbr /\u003e\r\n\u003cp\u003e\u003cspan style=\"font-weight: 400;\"\u003eBerries\u003c/span\u003e\u003c/p\u003e\r\n\u003c/td\u003e\r\n\u003ctd\u003e\r\n\u003cp\u003e\u003cspan style=\"font-weight: 400;\"\u003ePreservative, Antimicrobial Agent\u003c/span\u003e\u003c/p\u003e\r\n\u003c/td\u003e\r\n\u003c/tr\u003e\r\n\u003ctr\u003e\r\n\u003ctd\u003e\r\n\u003cp\u003e\u003cspan style=\"font-weight: 400;\"\u003eSodium Ascorbyl Phosphate (Vitamin C)\u003c/span\u003e\u003c/p\u003e\r\n\u003c/td\u003e\r\n\u003ctd\u003e\r\n\u003cp\u003e\u003cspan style=\"font-weight: 400;\"\u003eNatural\u003c/span\u003e\u003c/p\u003e\r\n\u003c/td\u003e\r\n\u003ctd\u003e\r\n\u003cp\u003e\u003cspan style=\"font-weight: 400;\"\u003eVitamin C\u003c/span\u003e\u003c/p\u003e\r\n\u003c/td\u003e\r\n\u003ctd\u003e\r\n\u003cp\u003e\u003cspan style=\"font-weight: 400;\"\u003eSpot Reduction\u003c/span\u003e\u003c/p\u003e\r\n\u003c/td\u003e\r\n\u003c/tr\u003e\r\n\u003ctr\u003e\r\n\u003ctd\u003e\r\n\u003cp\u003e\u003cspan style=\"font-weight: 400;\"\u003eCurcuma Longa Root (Turmeric) Extract\u003c/span\u003e\u003c/p\u003e\r\n\u003c/td\u003e\r\n\u003ctd\u003e\r\n\u003cp\u003e\u003cspan style=\"font-weight: 400;\"\u003eNatural\u003c/span\u003e\u003c/p\u003e\r\n\u003c/td\u003e\r\n\u003ctd\u003e\r\n\u003cp\u003e\u003cspan style=\"font-weight: 400;\"\u003ePlant Derived\u003c/span\u003e\u003c/p\u003e\r\n\u003c/td\u003e\r\n\u003ctd\u003e\r\n\u003cp\u003e\u003cspan style=\"font-weight: 400;\"\u003eAnti-Inflammatory \u0026amp; Antioxidant\u003c/span\u003e\u003c/p\u003e\r\n\u003c/td\u003e\r\n\u003c/tr\u003e\r\n\u003ctr\u003e\r\n\u003ctd\u003e\r\n\u003cp\u003e\u003cspan style=\"font-weight: 400;\"\u003eSodium Gluconate\u003c/span\u003e\u003c/p\u003e\r\n\u003c/td\u003e\r\n\u003ctd\u003e\r\n\u003cp\u003e\u003cspan style=\"font-weight: 400;\"\u003eSynthetic\u003c/span\u003e\u003c/p\u003e\r\n\u003c/td\u003e\r\n\u003ctd\u003e\r\n\u003cp\u003e\u003cspan style=\"font-weight: 400;\"\u003eGlucose\u003c/span\u003e\u003c/p\u003e\r\n\u003c/td\u003e\r\n\u003ctd\u003e\r\n\u003cp\u003e\u003cspan style=\"font-weight: 400;\"\u003eHumectant\u003c/span\u003e\u003c/p\u003e\r\n\u003c/td\u003e\r\n\u003c/tr\u003e\r\n\u003ctr\u003e\r\n\u003ctd\u003e\r\n\u003cp\u003e\u003cspan style=\"font-weight: 400;\"\u003eCitrus Limon Peel (Lemon) Oil\u003c/span\u003e\u003c/p\u003e\r\n\u003c/td\u003e\r\n\u003ctd\u003e\r\n\u003cp\u003e\u003cspan style=\"font-weight: 400;\"\u003eNatural\u003c/span\u003e\u003c/p\u003e\r\n\u003c/td\u003e\r\n\u003ctd\u003e\r\n\u003cp\u003e\u003cspan style=\"font-weight: 400;\"\u003ePlant Based\u003c/span\u003e\u003c/p\u003e\r\n\u003c/td\u003e\r\n\u003ctd\u003e\r\n\u003cp\u003e\u003cspan style=\"font-weight: 400;\"\u003eAntioxidant\u003c/span\u003e\u003c/p\u003e\r\n\u003c/td\u003e\r\n\u003c/tr\u003e\r\n\u003ctr\u003e\r\n\u003ctd\u003e\r\n\u003cp\u003e\u003cspan style=\"font-weight: 400;\"\u003eMenthol\u003c/span\u003e\u003c/p\u003e\r\n\u003c/td\u003e\r\n\u003ctd\u003e\r\n\u003cp\u003e\u003cspan style=\"font-weight: 400;\"\u003eNatural\u003c/span\u003e\u003c/p\u003e\r\n\u003c/td\u003e\r\n\u003ctd\u003e\r\n\u003cp\u003e\u003cspan style=\"font-weight: 400;\"\u003eMenthol leaves\u003c/span\u003e\u003c/p\u003e\r\n\u003c/td\u003e\r\n\u003ctd\u003e\r\n\u003cp\u003e\u003cspan style=\"font-weight: 400;\"\u003eCooling Agent\u003c/span\u003e\u003c/p\u003e\r\n\u003c/td\u003e\r\n\u003c/tr\u003e\r\n\u003ctr\u003e\r\n\u003ctd\u003e\r\n\u003cp\u003e\u003cspan style=\"font-weight: 400;\"\u003eFood Grade Colors (CI 19140 and CI 15985)\u003c/span\u003e\u003c/p\u003e\r\n\u003c/td\u003e\r\n\u003ctd\u003e\r\n\u003cp\u003e\u003cspan style=\"font-weight: 400;\"\u003eSynthetic\u003c/span\u003e\u003c/p\u003e\r\n\u003c/td\u003e\r\n\u003ctd\u003e\r\n\u003cp\u003e\u003cspan style=\"font-weight: 400;\"\u003eLab Synthesized\u003c/span\u003e\u003c/p\u003e\r\n\u003c/td\u003e\r\n\u003ctd\u003e\r\n\u003cp\u003e\u003cspan style=\"font-weight: 400;\"\u003eColoring Agent\u003c/span\u003e\u003c/p\u003e\r\n\u003c/td\u003e\r\n\u003c/tr\u003e\r\n\u003c/tbody\u003e\r\n\u003c/table\u003e"},{"attribute_code":"attribute_value_7","value":"\u003cdiv id=\"faqs\"\u003e\r\n\u003cp\u003eWhat is vitamin C face wash?\u003c/p\u003e\r\n\u003cp\u003eVitamin C face wash is a skincare product crafted to cleanse the skin. It gently helps your skin get rid of dirt, grime, and traces of makeup without disrupting its pH levels. It is rich in antioxidants, preventing signs of premature aging like fine lines and wrinkles and reducing the effects of sun tan. Cleansers formulated with this potent antioxidant also help eliminate free radical damage in the skin cells, unveiling healthy and radiant skin with each usage. With regular usage, vitamin C cleanser also helps to improve the efficacy of other products in your skincare. Deep cleansing aids in unclogging pores so that other products like toners and moisturizers can penetrate the skin. Vitamin C is one of the best potential ingredients, working well for all skin types. At the same time, it helps restore the skin's brightness, helping form a barrier against the frequent stresses of environmental pollutants and sun damage.\u003c/p\u003e\r\n\u003cp\u003eWhat is the use of vitamin C face wash?\u003c/p\u003e\r\n\u003cp\u003eHere are several uses of Vitamin C face wash in your skincare routine:- Brightens \u0026amp; Cleanses Your Skin - Vitamin C cleanser revitalizes your skin by gently exfoliating dead skin and impurity buildup in the pores. With each usage, it brightens your skin and lightens dark spots and blemishes. Moreover, it helps promote collagen production for youthful skin. Calms skin irritation- Its anti-inflammatory qualities soothe dry and sensitive skin, helping reduce inflammation. After cleansing, a Vitamin C face cleanser makes your skin feel nourished and hydrated. Additionally, sensitive skin types, such as oily or dry ones, also benefit from it. It is equally as effective for skin with a disrupted moisture barrier. Even out skin - Vitamin C face wash is a powerful source of skin nourishment that tackles dark spots and promotes even skin tone. It does so by addressing free radical damage in the skin cells, giving you a clear and spotless complexion. Revitalizing your skin allows healthier cells to appear on the surface for a brighter tone. Brightens your skin tone: Vitamin C face wash helps prevent the skin's melanin from being produced. It inhibits the activity of enzymes responsible for melanin synthesis, a pigment that gives your skin a color. More melanin also means a darker skin tone. It is best for people experiencing skin discoloration or uneven skin tone due to sun exposure. Protects your skin from harmful pollutants- Adding Vitamin C face wash to your skincare routine also helps shield your face from environmental stressors. You may experience visibly glowing skin as it maintains health and protects you from premature aging. Additionally, even if you still want to protect your skin, you should treat yourself to a broad-spectrum sunscreen.\u003c/p\u003e\r\n\u003cp\u003eWhat are the benefits of Vitamin C Face Wash?\u003c/p\u003e\r\n\u003cp\u003eHere are 5 benefits of incorporating a natural and safe Vitamin C Face Wash into your skincare regime: Improves skin tone: Vitamin C helps to reduce uneven skin tone by penetrating the dermis and inhibiting melanin synthesis. It also addresses UV damage while also evening out the tone of your skin. Using it daily helps to get rid of pollutants, dust, grime, traces of makeup, and bacteria that sit on the skin’s surface. By cleansing the skin, it helps you get a healthy complexion. Brightens Skin: You may bring out your skin’s inherent radiance using a face cleanser containing Vitamin C. It aids in repairing the damage that UV radiation has caused to your skin. Because of its formulation, your skin can get the proper moisture and hydration, so it starts to look plump, healthy, and radiant. With each usage, the skin feels rejuvenated, clean, and fresh with a natural sheen. Enhances skin texture: A Vitamin C face cleanser also helps combat early skin aging. It helps promote collagen and elastin production, two of the vital proteins for plump and soft skin. It makes the skin seem more youthful and radiant by restoring its elasticity and brightness. Additionally, this face cleanser promotes quicker cell renewal. Soothes \u0026amp; nourishes skin: By gently cleansing excess oil, vitamin C helps oily skin soothe inflammation caused by various external factors. Vitamin C targets areas of redness and irritation, whether caused by rosacea, eczema, acne, or another condition. It leaves you with a clear, healthy, and even skin tone. Sunburn damage can be repaired and soothed when combined with aloe vera products. Enhance skincare routine: Using vitamin C face wash also helps lay the foundation of any skincare routine. It helps clear the grime and unclog the pores, allowing other skincare products to penetrate for maximum efficiency. It creates a clear canvas for better absorption of other treatment products, such as toners and moisturizers.\u003c/p\u003e\r\n\u003cp\u003eHow do you use Mamaearth Vitamin C Face Wash?\u003c/p\u003e\r\n\u003cp\u003eMamaearth Vitamin C features Vitamin C, Aloe Vera, and Turmeric. When paired together, these three ingredients brighten the skin tone and soothe any irritation caused by environmental triggers. When used regularly, it gives you clear and spotless skin. Here is a step-by-step guide on how to use it for maximum results: Step 1: Take out a generous amount of Mamaearth Vitamin C Face Wash and apply it on your damp skin. Step 2: Gently massage using your fingertips in a circular motion for one full minute. Avoid the eye area while focusing more on the T-zone if you have oily skin.Step 3: Rinse off with water and pat dry with a towel. Step 4: Follow it up with Mamaearth Vitamin C Oil-free Face Moisturizer. You may also use Vitamin C Toner if you want to cleanse and hydrate your skin. Step 5: Slather a good amount of Mamaearth Vitamin C Daily Glow Sunscreen for maximum sun protection if stepping out.\u003c/p\u003e\r\n\u003cp\u003eIs Vitamin C Face Wash safe to use for skin?\u003c/p\u003e\r\n\u003cp\u003eVitamin C face cleansers are carefully formulated with gentle and mild ingredients for effective cleansing. They help your skin get rid of dust and reduce the appearance of hyperpigmentation and dark spots, giving you a spotless complexion. A cleanser containing safe and toxin-free ingredients, like Vitamin C, is safe for use. It keeps the skin’s lipid barrier intact, enhances the skin’s elasticity, and prevents transepidermal water loss, restoring your skin’s natural tone. By addressing a plethora of concerns, such cleansers generally work for all skin types. However, we recommend choosing a safe and toxin-free product for the best results on your skin. For instance, Mamaearth Vitamin C Face Wash has Aloe Vera, Turmeric, and Vitamin C to keep your skin looking fresh and healthy inside out. Dermatologically tested, this vitamin C face wash has no harmful chemicals and is free of harsh toxins like Parabens, Sulfates, and Mineral Oils.\u003c/p\u003e\r\n\u003cp\u003eIs Mamaearth vitamin c face wash Good for acne?\u003c/p\u003e\r\n\u003cp\u003eVitamin C Face cleanser is highly effective in treating acne and pimples. It is enriched with safe and natural ingredients like turmeric and aloe vera that offer antibacterial and deep exfoliation properties. Used regularly, this face wash prevents acne breakouts and reduces their marks.\u003c/p\u003e\r\n\u003cp\u003eIs Mamaearth vitamin c face wash dermatologist-tested?\u003c/p\u003e\r\n\u003cp\u003eMamaearth Face Wash Vitamin C is dermatologically tested and safe for use. It is made of natural and toxin-free ingredients and does not cause harmful side effects. This skincare product is also certified by Made Safe and the FDA for regular use.\u003c/p\u003e\r\n\u003cp\u003eWhat are the Vitamin C Face Wash benefits for skin?\u003c/p\u003e\r\n\u003cp\u003eVitamin c face wash deeply cleanses your facial skin and eliminates excess oil, dirt, and grime from it. The antioxidative properties of Vitamin C and turmeric reverse sun damage, even out skin tone, and lighten skin complexion. These factors thus help you have clear, pure, and blemish-free skin- and thus help you have an acne-free appearance.\u003c/p\u003e\r\n\u003cp\u003eHow to use Mamaearth vitamin c face wash?\u003c/p\u003e\r\n\u003cp\u003eWet your face with tap water. Use a dime-sized amount of mama vitamin face wash and gently massage it on your face with your fingertips circularly. Rinse off with water and pat dry. Follow it up with Mamaearth’s Vitamin C Face Cream to gently nourish skin for the best results.\u003c/p\u003e\r\n\u003cp\u003eDoes vitamin c face wash have side effects?\u003c/p\u003e\r\n\u003cp\u003eNo. If made only using natural and toxin-free ingredients, a Vitamin C cleanser is safe and will not harm your skin. However, we recommend that you do a skin patch test of this Mamaearth face wash vitamin e before using. All the Mamaearth vitamin c cleanser uses provides benefits of natural ingredients to your skin.\u003c/p\u003e\r\n\u003cp\u003eCan I use Mamaearth vitamin c face wash daily?\u003c/p\u003e\r\n\u003cp\u003eYes, you may use Mamaearth Vit C Face Wash twice daily. It will gently exfoliate and brighten your skin, promote even skin tone, and fight the damage caused by the free radicals.\u003c/p\u003e\r\n\u003cp\u003eWhat is the Mamaearth vitamin c face wash price in India?\u003c/p\u003e\r\n\u003cp\u003eMamaearth face wash vitamin c 150ml face wash price is Rs.399 for 150ml.\u003c/p\u003e\r\n\u003cp\u003eIs Mamaearth Vitamin C Face Wash good for oily skin?\u003c/p\u003e\r\n\u003cp\u003eYes. Mamaearth Vitamin C Foaming Face Wash is good for oily and sensitive skin. It features with natural ingredients such as Vitamin C, Turmeric, and Aloe Vera. Using it regularly helps brighten the skin. This Mama face wash vitamin c promotes an even skin tone by reversing sun damage, and fights free radical damage.\u003c/p\u003e\r\n\u003cp\u003eIs Mamaearth Vitamin C Face wash good for dry skin?\u003c/p\u003e\r\n\u003cp\u003eYes. The Vitamin C Mamaearth Face Wash is enriched with Vitamin C, which encourages smoothing and firming the skin by encouraging the growth of new cells. Aloe Vera gently traps the moisture in the skin, making the dry skin smooth and supple.\u003c/p\u003e\r\n\u003cp\u003eIs Mamaearth Vitamin C Face Wash good for pimples?\u003c/p\u003e\r\n\u003cp\u003eYes. Mamaearth Vitamin C Foaming Face Wash features safe and natural ingredients such as Turmeric, Aloe Vera, and Vitamin C. Known for their antibacterial and deep exfoliation properties, these ingredients help prevent acne and pimples and reduce their marks.\u003c/p\u003e\r\n\u003cp\u003eWhich Vitamin C Face Wash is the best?\u003c/p\u003e\r\n\u003cp\u003eMamaearth Vitamin C cleanser benefits all skin types. It features natural ingredients such as Aloe Vera, Turmeric, and Vitamin C. This Mama vitamin c face cleanser works like a charm for men and women. This mamaearth face wash vitamin e regular application promotes even skin tone, brightens skin complexion, and fights free radical damage.\u003c/p\u003e\r\n\u003cp\u003eWhat are the Mamaearth Vitamin C face wash ingredients?\u003c/p\u003e\r\n\u003cp\u003eThe Mamaearth Vitamin C face cleanser ingredients are all natural such as Vitamin C, turmeric and Aloevera.\u003c/p\u003e\r\n\u003c/div\u003e"},{"attribute_code":"bestseller","value":"Bestseller"},{"attribute_code":"tag_keywords","value":"beauty, Face, mama, mama e, mama ea, mama ear, mama earth, mamaearth, Skin, face, face wash, vitamin c, vitamin"},{"attribute_code":"meta_keyword","value":"Vitamin C Face Wash with Vitamin C and Turmeric – 150ml"},{"attribute_code":"special_price","value":null},{"attribute_code":"special_from_date","value":"2024-05-13 10:22:00"}],"hide_in_front":0,"image":"/v/i/vit-c-face-wash_1_1.jpg","imageAltTags":["mamaearth vitamin c face wash for skin illumination ","skin illumination face wash benefits","vitamin c natural face wash ingredients","how to use mamaearth face wash "],"is_in_stock":true,"name":"Vitamin C Face Wash with Vitamin C and Turmeric – 150ml","position":"6","price":"399.00","product_card_tags":"Brightens Skin | Evens Skin Tone| Makes Skin Glow","review_count":12,"sku":"8904417312546","special_price":"","special_price_from_date":{"date":"2024-05-13 15:52:00","timezone_type":3,"timezone":"Asia/Kolkata"},"tags":"trending","url_key":"vitamin-c-face-wash-with-vitamin-c-and-turmeric-150ml","configurable_option":{"attribute_id":284,"option_id":400,"attribute_label":"Vitamin_C_Face_Wash","title":"150ml","swatch_data":{"swatch_id":592,"option_id":400,"store_id":1,"type":0,"value":"150ml"}},"siblings":[{"id":204,"sku":"8906087772859","name":"Vitamin C Face Wash with Vitamin C and Turmeric for Skin Illumination - 100ml","url_key":"vitamin-c-face-wash-with-vitamin-c-and-turmeric-for-skin-illumination-100ml","price":"269.00","is_in_stock":false,"custom_attributes":[{"attribute_code":"saving_scheme","value":"price_per_100_ml"},{"attribute_code":"volume","value":"100"}],"special_price":"","parent_id":1179,"attribute_id":284,"option_id":301,"parent_sku":"7575647","attribute_label":"Vitamin_C_Face_Wash","title":"100ml","swatch_data":{"swatch_id":419,"option_id":301,"store_id":1,"type":0,"value":"100ml"},"special_from_date":{"date":"2023-10-19 23:15:00","timezone_type":3,"timezone":"Asia/Kolkata"}},{"id":259,"sku":"8906087773924","name":"Vitamin C Face Wash with Vitamin C and Turmeric for Skin Illumination - 250ml","url_key":"vitamin-c-face-wash-with-vitamin-c-and-turmeric-for-skin-illumination-250ml","price":"499.00","is_in_stock":true,"custom_attributes":[{"attribute_code":"saving_scheme","value":"price_per_100_ml"},{"attribute_code":"volume","value":"250"}],"special_price":"","parent_id":1179,"attribute_id":284,"option_id":401,"parent_sku":"7575647","attribute_label":"Vitamin_C_Face_Wash","title":"250ml","swatch_data":{"swatch_id":594,"option_id":401,"store_id":1,"type":0,"value":"250ml"},"special_from_date":{"date":"2025-05-20 05:30:00","timezone_type":3,"timezone":"Asia/Kolkata"}},{"id":716,"sku":"8904417305425","name":"Vitamin C Face Wash with Vitamin C and Turmeric for Skin Illumination – Pack Of 2","url_key":"vitamin-c-face-wash-with-vitamin-c-and-turmeric-for-skin-illumination-pack-of-2","price":"518.00","is_in_stock":false,"custom_attributes":[{"attribute_code":"saving_scheme","value":"price_per_100_ml"},{"attribute_code":"volume","value":"200"}],"special_price":"466.00","parent_id":1179,"attribute_id":284,"option_id":402,"parent_sku":"7575647","attribute_label":"Vitamin_C_Face_Wash","title":"100ml(Pack of 2)","swatch_data":{"swatch_id":596,"option_id":402,"store_id":1,"type":0,"value":"100ml(Pack of 2)"},"special_from_date":{"date":"2025-05-24 00:01:00","timezone_type":3,"timezone":"Asia/Kolkata"}}],"product_subtitle_keys":["Buy 1 Get 1 FREE"," Face Cleanser"," Vitamin C"],"size":"150ml","unitPrice":"2.66/ml","old_productid":"1260","generic_name":null},{"id":1214,"tier_prices":[],"avg_rating_percent":94,"categories":[2,5,18,296,45,267,333,335,337,357,361,392,431,440,441,435],"created_at":"2024-03-11 11:07:35","custom_attributes":[{"attribute_code":"manufacturer","value":"(A) : Indo Herbal Products, Unit - 2, Plot No. 28-29, Sector 1B, IIE, Sidcul, Ranipur, Haridwar, India - 249403 M. : 20/C/U.A/2010 (B) : Indo Herbal Products, Plot No 17, Sector 12, IIE, SIDCUL, Haridwar, Uttarakhand, India - 249403 M. : 2/C/UA/2023"},{"attribute_code":"meta_title","value":"Beetroot Hydraful Sunscreen With Beetroot \u0026 Hyaluronic Acid - 50 g"},{"attribute_code":"meta_description","value":"Beetroot Hydraful Sunscreen With Beetroot \u0026 Hyaluronic Acid - 50 g"},{"attribute_code":"image","value":"/1/-/1-with-ingredients_10.jpg"},{"attribute_code":"small_image","value":"/1/-/1-with-ingredients_10.jpg"},{"attribute_code":"thumbnail","value":"/1/-/1-with-ingredients_10.jpg"},{"attribute_code":"options_container","value":"container2"},{"attribute_code":"country_of_manufacture","value":"IN"},{"attribute_code":"url_key","value":"beetroot-hydraful-hyaluronic-acid-sunscreen-50ml"},{"attribute_code":"msrp_display_actual_price_type","value":"0"},{"attribute_code":"gift_message_available","value":"2"},{"attribute_code":"swatch_image","value":"/1/-/1-with-ingredients_10.jpg"},{"attribute_code":"attribute_label_1","value":"Results of Mamaearth Beetroot Hydraful Sunscreen"},{"attribute_code":"attribute_label_2","value":"Hero Ingredients"},{"attribute_code":"attribute_label_3","value":"How to Use"},{"attribute_code":"attribute_label_4","value":"Who Can Use Mamaearth Beetroot Gentle Face Wash?"},{"attribute_code":"attribute_label_5","value":"Why Mamaearth?"},{"attribute_code":"attribute_label_6","value":"Ingredient List"},{"attribute_code":"attribute_label_7","value":"FAQs"},{"attribute_code":"best_before","value":"24 Months"},{"attribute_code":"dimensions","value":"10*5*5"},{"attribute_code":"ean_code","value":"8904417312867"},{"attribute_code":"mrp","value":"399"},{"attribute_code":"old_productid","value":"1213"},{"attribute_code":"tags","value":"Trending"},{"attribute_code":"marketed_by","value":"Honasa Consumer Limited, 10th and 11th Floor, Capital Cyberscape, Sector 59, Gurugram, Haryana, 122101"},{"attribute_code":"live_url","value":"https://mamaearth.in/product/beetroot-hydraful-hyaluronic-acid-sunscreen-50ml"},{"attribute_code":"license_no","value":"M. : 20/C/U.A/2010, M. : 2/C/UA/2023"},{"attribute_code":"length","value":"10"},{"attribute_code":"google_category","value":"2915"},{"attribute_code":"cms_sequence","value":"1,2,3,4,5,6,7,8"},{"attribute_code":"width","value":"5"},{"attribute_code":"height","value":"5"},{"attribute_code":"breadcrumb_category","value":"267","title":"Sunscreen for Men and Women","url_key":"sunscreen"},{"attribute_code":"custom_product_type","value":"be_face"},{"attribute_code":"brand","value":"4"},{"attribute_code":"product_card_tags","value":"SPF 50 \u0026 PA++++ Protection | Hydrates Skin | Gives A Natural Glow"},{"attribute_code":"saving_scheme","value":"price_per_100_gm"},{"attribute_code":"product_subtitle_keys","value":"Buy 1 Get 1 FREE, Tan Protection, Sunscreen, Beetroot"},{"attribute_code":"is_suitable_for_skin_type","value":"465","label":"normal"},{"attribute_code":"skin_goals","value":"467,469,473","label":"moisturization, bright skin, tan removal"},{"attribute_code":"tax_class_id","value":"2"},{"attribute_code":"create_scarcity","value":"0"},{"attribute_code":"hide_product_infront","value":"0"},{"attribute_code":"show_in_feed","value":"1"},{"attribute_code":"base_category","value":"86"},{"attribute_code":"base_sub_category","value":"82"},{"attribute_code":"show_price_per_unit","value":"1"},{"attribute_code":"volume","value":"50"},{"attribute_code":"enable_fbt_popup","value":"0"},{"attribute_code":"enable_product_for_wa_commerce","value":"0"},{"attribute_code":"strikethrough","value":"1"},{"attribute_code":"short_description","value":"\u003cp\u003e\u003cspan style=\"font-weight: 400;\"\u003eThe only thing that comes in ‘\u003c/span\u003e\u003cem\u003e\u003cspan style=\"font-weight: 400;\"\u003eBeet\u003c/span\u003e\u003c/em\u003e\u003cspan style=\"font-weight: 400;\"\u003e’ween you and the harsh sun is our new Beetroot Hydraful Sunscreen. This isn't your ordinary sunscreen—it's your skin’s SPF BFF.  \u003c/span\u003e\u003c/p\u003e\r\n\u003cp\u003e\u003cspan style=\"font-weight: 400;\"\u003eWith the magical duo of Beetroot Extract and Hyaluronic Acid, the sunscreen provides SPF 50 \u0026amp; PA++++ sun protection, intense hydration, and a natural pink glow. Hyaluronic Acid, known for its hydrating properties, deeply moisturizes your skin, keeping it soft, supple, and plump. The Beetroot Extract gives you that natural, healthy-looking glow while battling those troubling free radicals.  \u003c/span\u003e\u003c/p\u003e\r\n\u003cp\u003e\u003cspan style=\"font-weight: 400;\"\u003eLightweight and quick absorbing, our sunscreen leaves no white cast or greasy residue. And the best part? It’s Made Safe Certified, which means it’s free from toxins and harmful chemicals!\u003c/span\u003e\u003c/p\u003e"},{"attribute_code":"attribute_value_1","value":"\u003cdiv class=\"list-banner\"\u003e\u003cimg src=\"https://images.mamaearth.in/wysiwyg/beet_sunscreen_npd.jpg\" alt=\"Mamaearth Beetroot\" /\u003e\r\n\u003cp style=\"text-align: center;\"\u003eMamaearth Beet Root\u003c/p\u003e\r\n\u003c/div\u003e"},{"attribute_code":"attribute_value_2","value":"\u003cdiv\u003e\r\n\u003cul class=\"woodmart-list\"\u003e\r\n\u003cli\u003e\r\n\u003cdiv class=\"list-icon\"\u003e\u003cimg src=\"https://images.mamaearth.in/wysiwyg/beetrootmain.jpg\" alt=\"Beetroot Extract\" /\u003e\u003c/div\u003e\r\n\u003cspan class=\"list-content\" style=\"text-align: justify;\"\u003e\u003cstrong\u003eBeetroot Extract: \u003c/strong\u003eIt prevents skin pigmentation and gives a healthy pink glow, naturally. \u003c/span\u003e\u003c/li\u003e\r\n\u003cli\u003e\r\n\u003cdiv class=\"list-icon\"\u003e\u003cimg src=\"https://images.mamaearth.in/wysiwyg/Hyaluronic-Acid.jpg\" alt=\"Hyaluronic Acid\" /\u003e\u003c/div\u003e\r\n\u003cspan class=\"list-content\" style=\"text-align: justify;\"\u003e\u003cstrong\u003eHyaluronic Acid : \u003c/strong\u003e It helps hold moisture in your skin and keeps it hydrated. \u003c/span\u003e\u003c/li\u003e\r\n\u003cli\u003e\r\n\u003cdiv class=\"list-icon\"\u003e\u003cimg src=\"https://images.mamaearth.in/wysiwyg/Niacinamide_bKBPt4Y.jpg\" alt=\"Niacinamide\" /\u003e\u003c/div\u003e\r\n\u003cspan class=\"list-content\" style=\"text-align: justify;\"\u003e\u003cstrong\u003eNiacinamide : \u003c/strong\u003eIt reduces dark spots, resulting in an even skin tone. \u003c/span\u003e\u003c/li\u003e\r\n\u003cli\u003e\r\n\u003cdiv class=\"list-icon\"\u003e\u003cimg src=\"https://images.mamaearth.in/wysiwyg/Aloe-Vera-Water.jpg\" alt=\"Aloe Vera\" /\u003e\u003c/div\u003e\r\n\u003cspan class=\"list-content\" style=\"text-align: justify;\"\u003e\u003cstrong\u003eAloe Vera : \u003c/strong\u003eIt has cooling and anti-inflammatory properties so it helps soothe sunburn. \u003c/span\u003e\u003c/li\u003e\r\n\u003c/ul\u003e\r\n\u003c/div\u003e"},{"attribute_code":"attribute_value_3","value":"\u003cul\u003e\r\n\u003cli\u003e\u003cspan style=\"font-weight: 400;\"\u003eApply the sunscreen on a clean face, neck, and skin exposed to the sun.\u003c/span\u003e\u003c/li\u003e\r\n\u003cli\u003e\u003cspan style=\"font-weight: 400;\"\u003eRepeat every 6 hours for complete protection.\u003c/span\u003e\u003c/li\u003e\r\n\u003c/ul\u003e"},{"attribute_code":"attribute_value_4","value":"\u003cul\u003e\r\n\u003cli style=\"font-weight: 400;\" aria-level=\"1\"\u003e\u003cspan style=\"font-weight: 400;\"\u003eAnyone above the age of 18 years. \u003c/span\u003e\u003c/li\u003e\r\n\u003cli style=\"font-weight: 400;\" aria-level=\"1\"\u003e\u003cspan style=\"font-weight: 400;\"\u003eSuitable for all skin types.\u003c/span\u003e\u003c/li\u003e\r\n\u003c/ul\u003e"},{"attribute_code":"attribute_value_5","value":"\u003cul class=\"compare-list\"\u003e\r\n\u003cli\u003e\r\n\u003cdiv class=\"compare-img\"\u003e \u003c/div\u003e\r\n\u003cdiv class=\"compare-content\"\u003e\r\n\u003cul\u003e\r\n\u003cli style=\"font-weight: 400;\" aria-level=\"1\"\u003e\u003cspan style=\"font-weight: 400;\"\u003eHydrates Skin\u003c/span\u003e\u003c/li\u003e\r\n\u003cli style=\"font-weight: 400;\" aria-level=\"1\"\u003e\u003cspan style=\"font-weight: 400;\"\u003eComes with SPF 50 \u0026amp; PA++++\u003c/span\u003e\u003c/li\u003e\r\n\u003cli style=\"font-weight: 400;\" aria-level=\"1\"\u003e\u003cspan style=\"font-weight: 400;\"\u003eGives A Natural Pink Glow\u003c/span\u003e\u003c/li\u003e\r\n\u003cli style=\"font-weight: 400;\" aria-level=\"1\"\u003e\u003cspan style=\"font-weight: 400;\"\u003eMade Safe Certified\u003c/span\u003e\u003c/li\u003e\r\n\u003cli style=\"font-weight: 400;\" aria-level=\"1\"\u003e\u003cspan style=\"font-weight: 400;\"\u003eSuitable For All Skin Types\u003c/span\u003e\u003c/li\u003e\r\n\u003cli style=\"font-weight: 400;\" aria-level=\"1\"\u003e\u003cspan style=\"font-weight: 400;\"\u003eDermatologically Tested\u003c/span\u003e\u003c/li\u003e\r\n\u003cli style=\"font-weight: 400;\" aria-level=\"1\"\u003e\u003cspan style=\"font-weight: 400;\"\u003eCruelty-Free\u003c/span\u003e\u003c/li\u003e\r\n\u003cli style=\"font-weight: 400;\" aria-level=\"1\"\u003e\u003cspan style=\"font-weight: 400;\"\u003eToxin-Free \u0026amp; No Harmful Chemicals\u003c/span\u003e\u003c/li\u003e\r\n\u003c/ul\u003e\r\n\u003c/div\u003e\r\n\u003c/li\u003e\r\n\u003cli\u003e\r\n\u003cdiv class=\"compare-img\"\u003e \u003c/div\u003e\r\n\u003cdiv class=\"compare-content\"\u003e\r\n\u003cul\u003e\r\n\u003cli style=\"font-weight: 400;\" aria-level=\"1\"\u003e\u003cspan style=\"font-weight: 400;\"\u003eDoesn’t Hydrate Skin\u003c/span\u003e\u003c/li\u003e\r\n\u003cli style=\"font-weight: 400;\" aria-level=\"1\"\u003e\u003cspan style=\"font-weight: 400;\"\u003eDoes Not Offer SPF 50 \u0026amp; PA+++\u003c/span\u003e\u003c/li\u003e\r\n\u003cli style=\"font-weight: 400;\" aria-level=\"1\"\u003e\u003cspan style=\"font-weight: 400;\"\u003eDoesn’t Add Glow\u003c/span\u003e\u003c/li\u003e\r\n\u003cli style=\"font-weight: 400;\" aria-level=\"1\"\u003e\u003cspan style=\"font-weight: 400;\"\u003eNot Made Safe Certified \u003c/span\u003e\u003c/li\u003e\r\n\u003cli style=\"font-weight: 400;\" aria-level=\"1\"\u003e\u003cspan style=\"font-weight: 400;\"\u003eNot Suitable for All Skin Types\u003c/span\u003e\u003c/li\u003e\r\n\u003cli style=\"font-weight: 400;\" aria-level=\"1\"\u003e\u003cspan style=\"font-weight: 400;\"\u003eNot Dermatologically Tested\u003c/span\u003e\u003c/li\u003e\r\n\u003cli style=\"font-weight: 400;\" aria-level=\"1\"\u003e\u003cspan style=\"font-weight: 400;\"\u003eNot Cruelty-free\u003c/span\u003e\u003c/li\u003e\r\n\u003cli style=\"font-weight: 400;\" aria-level=\"1\"\u003e\u003cspan style=\"font-weight: 400;\"\u003eContains Harmful Chemicals\u003c/span\u003e\u003c/li\u003e\r\n\u003c/ul\u003e\r\n\u003c/div\u003e\r\n\u003c/li\u003e\r\n\u003c/ul\u003e"},{"attribute_code":"attribute_value_6","value":"\u003ctable\u003e\r\n\u003ctbody\u003e\r\n\u003ctr\u003e\r\n\u003ctd\u003e\r\n\u003cp\u003e\u003cstrong\u003eIngredient\u003c/strong\u003e\u003c/p\u003e\r\n\u003c/td\u003e\r\n\u003ctd\u003e\r\n\u003cp\u003e\u003cstrong\u003eType\u003c/strong\u003e\u003c/p\u003e\r\n\u003c/td\u003e\r\n\u003ctd\u003e\r\n\u003cp\u003e\u003cstrong\u003eWhere Is It From\u003c/strong\u003e\u003c/p\u003e\r\n\u003c/td\u003e\r\n\u003ctd\u003e\r\n\u003cp\u003e\u003cstrong\u003eHow It Helps\u003c/strong\u003e\u003c/p\u003e\r\n\u003c/td\u003e\r\n\u003c/tr\u003e\r\n\u003ctr\u003e\r\n\u003ctd\u003e\r\n\u003cp\u003e\u003cspan style=\"font-weight: 400;\"\u003eAqua\u003c/span\u003e\u003c/p\u003e\r\n\u003c/td\u003e\r\n\u003ctd\u003e\r\n\u003cp\u003e\u003cspan style=\"font-weight: 400;\"\u003eNatural\u003c/span\u003e\u003c/p\u003e\r\n\u003c/td\u003e\r\n\u003ctd\u003e\r\n\u003cp\u003e\u003cspan style=\"font-weight: 400;\"\u003eWater\u003c/span\u003e\u003c/p\u003e\r\n\u003c/td\u003e\r\n\u003ctd\u003e\r\n\u003cp\u003e\u003cspan style=\"font-weight: 400;\"\u003eDiluent\u003c/span\u003e\u003c/p\u003e\r\n\u003c/td\u003e\r\n\u003c/tr\u003e\r\n\u003ctr\u003e\r\n\u003ctd\u003e\r\n\u003cp\u003e\u003cspan style=\"font-weight: 400;\"\u003eEthylhexyl Methoxycinnamate\u003c/span\u003e\u003c/p\u003e\r\n\u003c/td\u003e\r\n\u003ctd\u003e\r\n\u003cp\u003e\u003cspan style=\"font-weight: 400;\"\u003eSynthetic\u003c/span\u003e\u003c/p\u003e\r\n\u003c/td\u003e\r\n\u003ctd\u003e\r\n\u003cp\u003e\u003cspan style=\"font-weight: 400;\"\u003eLab Synthesized\u003c/span\u003e\u003c/p\u003e\r\n\u003c/td\u003e\r\n\u003ctd\u003e\r\n\u003cp\u003e\u003cspan style=\"font-weight: 400;\"\u003eUV Protection\u003c/span\u003e\u003c/p\u003e\r\n\u003c/td\u003e\r\n\u003c/tr\u003e\r\n\u003ctr\u003e\r\n\u003ctd\u003e\r\n\u003cp\u003e\u003cspan style=\"font-weight: 400;\"\u003eButyl Methoxydibenzoylmethane\u003c/span\u003e\u003c/p\u003e\r\n\u003c/td\u003e\r\n\u003ctd\u003e\r\n\u003cp\u003e\u003cspan style=\"font-weight: 400;\"\u003eSynthetic\u003c/span\u003e\u003c/p\u003e\r\n\u003c/td\u003e\r\n\u003ctd\u003e\r\n\u003cp\u003e\u003cspan style=\"font-weight: 400;\"\u003eLab Synthesized\u003c/span\u003e\u003c/p\u003e\r\n\u003c/td\u003e\r\n\u003ctd\u003e\r\n\u003cp\u003e\u003cspan style=\"font-weight: 400;\"\u003eUV Protection\u003c/span\u003e\u003c/p\u003e\r\n\u003c/td\u003e\r\n\u003c/tr\u003e\r\n\u003ctr\u003e\r\n\u003ctd\u003e\r\n\u003cp\u003e\u003cspan style=\"font-weight: 400;\"\u003eBenzophenone-3\u003c/span\u003e\u003c/p\u003e\r\n\u003c/td\u003e\r\n\u003ctd\u003e\r\n\u003cp\u003e\u003cspan style=\"font-weight: 400;\"\u003eNatural\u003c/span\u003e\u003c/p\u003e\r\n\u003c/td\u003e\r\n\u003ctd\u003e\r\n\u003cp\u003e\u003cspan style=\"font-weight: 400;\"\u003ePlant-Based\u003c/span\u003e\u003c/p\u003e\r\n\u003c/td\u003e\r\n\u003ctd\u003e\r\n\u003cp\u003e\u003cspan style=\"font-weight: 400;\"\u003eUV Protection\u003c/span\u003e\u003c/p\u003e\r\n\u003c/td\u003e\r\n\u003c/tr\u003e\r\n\u003ctr\u003e\r\n\u003ctd\u003e\r\n\u003cp\u003e\u003cspan style=\"font-weight: 400;\"\u003ePhospholipids\u003c/span\u003e\u003c/p\u003e\r\n\u003c/td\u003e\r\n\u003ctd\u003e\r\n\u003cp\u003e\u003cspan style=\"font-weight: 400;\"\u003eNatural\u003c/span\u003e\u003c/p\u003e\r\n\u003c/td\u003e\r\n\u003ctd\u003e\r\n\u003cp\u003e\u003cspan style=\"font-weight: 400;\"\u003ePlant-Based\u003c/span\u003e\u003c/p\u003e\r\n\u003c/td\u003e\r\n\u003ctd\u003e\r\n\u003cp\u003e\u003cspan style=\"font-weight: 400;\"\u003eEmollient\u003c/span\u003e\u003c/p\u003e\r\n\u003c/td\u003e\r\n\u003c/tr\u003e\r\n\u003ctr\u003e\r\n\u003ctd\u003e\r\n\u003cp\u003e\u003cspan style=\"font-weight: 400;\"\u003e1,3-Butylene Glycol\u003c/span\u003e\u003c/p\u003e\r\n\u003c/td\u003e\r\n\u003ctd\u003e\r\n\u003cp\u003e\u003cspan style=\"font-weight: 400;\"\u003eNatural\u003c/span\u003e\u003c/p\u003e\r\n\u003c/td\u003e\r\n\u003ctd\u003e\r\n\u003cp\u003e\u003cspan style=\"font-weight: 400;\"\u003ePlant-Based\u003c/span\u003e\u003c/p\u003e\r\n\u003c/td\u003e\r\n\u003ctd\u003e\r\n\u003cp\u003e\u003cspan style=\"font-weight: 400;\"\u003eHumectant\u003c/span\u003e\u003c/p\u003e\r\n\u003c/td\u003e\r\n\u003c/tr\u003e\r\n\u003ctr\u003e\r\n\u003ctd\u003e\r\n\u003cp\u003e\u003cspan style=\"font-weight: 400;\"\u003eXylitol\u003c/span\u003e\u003c/p\u003e\r\n\u003c/td\u003e\r\n\u003ctd\u003e\r\n\u003cp\u003e\u003cspan style=\"font-weight: 400;\"\u003eNatural\u003c/span\u003e\u003c/p\u003e\r\n\u003c/td\u003e\r\n\u003ctd\u003e\r\n\u003cp\u003e\u003cspan style=\"font-weight: 400;\"\u003ePlant-Based\u003c/span\u003e\u003c/p\u003e\r\n\u003c/td\u003e\r\n\u003ctd\u003e\r\n\u003cp\u003e\u003cspan style=\"font-weight: 400;\"\u003eHydration and Moisture Enabling Agent\u003c/span\u003e\u003c/p\u003e\r\n\u003c/td\u003e\r\n\u003c/tr\u003e\r\n\u003ctr\u003e\r\n\u003ctd\u003e\r\n\u003cp\u003e\u003cspan style=\"font-weight: 400;\"\u003eGlucose\u003c/span\u003e\u003c/p\u003e\r\n\u003c/td\u003e\r\n\u003ctd\u003e\r\n\u003cp\u003e\u003cspan style=\"font-weight: 400;\"\u003eNatural\u003c/span\u003e\u003c/p\u003e\r\n\u003c/td\u003e\r\n\u003ctd\u003e\r\n\u003cp\u003e\u003cspan style=\"font-weight: 400;\"\u003ePlant-Based\u003c/span\u003e\u003c/p\u003e\r\n\u003c/td\u003e\r\n\u003ctd\u003e\r\n\u003cp\u003e\u003cspan style=\"font-weight: 400;\"\u003eEmollient\u003c/span\u003e\u003c/p\u003e\r\n\u003c/td\u003e\r\n\u003c/tr\u003e\r\n\u003ctr\u003e\r\n\u003ctd\u003e\r\n\u003cp\u003e\u003cspan style=\"font-weight: 400;\"\u003eAnhydroxylitol\u003c/span\u003e\u003c/p\u003e\r\n\u003c/td\u003e\r\n\u003ctd\u003e\r\n\u003cp\u003e\u003cspan style=\"font-weight: 400;\"\u003eNatural\u003c/span\u003e\u003c/p\u003e\r\n\u003c/td\u003e\r\n\u003ctd\u003e\r\n\u003cp\u003e\u003cspan style=\"font-weight: 400;\"\u003eFermentation of Wheat and Wood\u003c/span\u003e\u003c/p\u003e\r\n\u003c/td\u003e\r\n\u003ctd\u003e\r\n\u003cp\u003e\u003cspan style=\"font-weight: 400;\"\u003eHumectant\u003c/span\u003e\u003c/p\u003e\r\n\u003c/td\u003e\r\n\u003c/tr\u003e\r\n\u003ctr\u003e\r\n\u003ctd\u003e\r\n\u003cp\u003e\u003cspan style=\"font-weight: 400;\"\u003ePhoenix Dactylifera Extract\u003c/span\u003e\u003c/p\u003e\r\n\u003c/td\u003e\r\n\u003ctd\u003e\r\n\u003cp\u003e\u003cspan style=\"font-weight: 400;\"\u003eNatural\u003c/span\u003e\u003c/p\u003e\r\n\u003c/td\u003e\r\n\u003ctd\u003e\r\n\u003cp\u003e\u003cspan style=\"font-weight: 400;\"\u003ePlant-Based\u003c/span\u003e\u003c/p\u003e\r\n\u003c/td\u003e\r\n\u003ctd\u003e\r\n\u003cp\u003e\u003cspan style=\"font-weight: 400;\"\u003eAntioxidant\u003c/span\u003e\u003c/p\u003e\r\n\u003c/td\u003e\r\n\u003c/tr\u003e\r\n\u003ctr\u003e\r\n\u003ctd\u003e\r\n\u003cp\u003e\u003cspan style=\"font-weight: 400;\"\u003eC12-15 Alkyl Benzoate\u003c/span\u003e\u003c/p\u003e\r\n\u003c/td\u003e\r\n\u003ctd\u003e\r\n\u003cp\u003e\u003cspan style=\"font-weight: 400;\"\u003eNatural\u003c/span\u003e\u003c/p\u003e\r\n\u003c/td\u003e\r\n\u003ctd\u003e\r\n\u003cp\u003e\u003cspan style=\"font-weight: 400;\"\u003ePlant-Based\u003c/span\u003e\u003c/p\u003e\r\n\u003c/td\u003e\r\n\u003ctd\u003e\r\n\u003cp\u003e\u003cspan style=\"font-weight: 400;\"\u003eEmollient\u003c/span\u003e\u003c/p\u003e\r\n\u003c/td\u003e\r\n\u003c/tr\u003e\r\n\u003ctr\u003e\r\n\u003ctd\u003e\r\n\u003cp\u003e\u003cspan style=\"font-weight: 400;\"\u003eSodium Acrylates Copolymer\u003c/span\u003e\u003c/p\u003e\r\n\u003c/td\u003e\r\n\u003ctd\u003e\r\n\u003cp\u003e\u003cspan style=\"font-weight: 400;\"\u003eSynthetic\u003c/span\u003e\u003c/p\u003e\r\n\u003c/td\u003e\r\n\u003ctd\u003e\r\n\u003cp\u003e\u003cspan style=\"font-weight: 400;\"\u003eLab Synthesized\u003c/span\u003e\u003c/p\u003e\r\n\u003c/td\u003e\r\n\u003ctd\u003e\r\n\u003cp\u003e\u003cspan style=\"font-weight: 400;\"\u003eThickening Agent\u003c/span\u003e\u003c/p\u003e\r\n\u003c/td\u003e\r\n\u003c/tr\u003e\r\n\u003ctr\u003e\r\n\u003ctd\u003e\r\n\u003cp\u003e\u003cspan style=\"font-weight: 400;\"\u003eLecithin\u003c/span\u003e\u003c/p\u003e\r\n\u003c/td\u003e\r\n\u003ctd\u003e\r\n\u003cp\u003e\u003cspan style=\"font-weight: 400;\"\u003eNatural\u003c/span\u003e\u003c/p\u003e\r\n\u003c/td\u003e\r\n\u003ctd\u003e\r\n\u003cp\u003e\u003cspan style=\"font-weight: 400;\"\u003ePlant-Based\u003c/span\u003e\u003c/p\u003e\r\n\u003c/td\u003e\r\n\u003ctd\u003e\r\n\u003cp\u003e\u003cspan style=\"font-weight: 400;\"\u003eSkin-Restoring \u0026amp; Emollients\u003c/span\u003e\u003c/p\u003e\r\n\u003c/td\u003e\r\n\u003c/tr\u003e\r\n\u003ctr\u003e\r\n\u003ctd\u003e\r\n\u003cp\u003e\u003cspan style=\"font-weight: 400;\"\u003eAloe Barbadensis (Aloe Vera) Extract\u003c/span\u003e\u003c/p\u003e\r\n\u003c/td\u003e\r\n\u003ctd\u003e\r\n\u003cp\u003e\u003cspan style=\"font-weight: 400;\"\u003eNatural\u003c/span\u003e\u003c/p\u003e\r\n\u003c/td\u003e\r\n\u003ctd\u003e\r\n\u003cp\u003e\u003cspan style=\"font-weight: 400;\"\u003eAloe-Vera Plant\u003c/span\u003e\u003c/p\u003e\r\n\u003c/td\u003e\r\n\u003ctd\u003e\r\n\u003cp\u003e\u003cspan style=\"font-weight: 400;\"\u003eSkin Replenishing\u003c/span\u003e\u003c/p\u003e\r\n\u003c/td\u003e\r\n\u003c/tr\u003e\r\n\u003ctr\u003e\r\n\u003ctd\u003e\r\n\u003cp\u003e\u003cspan style=\"font-weight: 400;\"\u003ePolyglycerin-3\u003c/span\u003e\u003c/p\u003e\r\n\u003c/td\u003e\r\n\u003ctd\u003e\r\n\u003cp\u003e\u003cspan style=\"font-weight: 400;\"\u003eNatural\u003c/span\u003e\u003c/p\u003e\r\n\u003c/td\u003e\r\n\u003ctd\u003e\r\n\u003cp\u003e\u003cspan style=\"font-weight: 400;\"\u003ePlant-Based\u003c/span\u003e\u003c/p\u003e\r\n\u003c/td\u003e\r\n\u003ctd\u003e\r\n\u003cp\u003e\u003cspan style=\"font-weight: 400;\"\u003eEmulsifier\u003c/span\u003e\u003c/p\u003e\r\n\u003c/td\u003e\r\n\u003c/tr\u003e\r\n\u003ctr\u003e\r\n\u003ctd\u003e\r\n\u003cp\u003e\u003cspan style=\"font-weight: 400;\"\u003ePhenoxyethanol\u003c/span\u003e\u003c/p\u003e\r\n\u003c/td\u003e\r\n\u003ctd\u003e\r\n\u003cp\u003e\u003cspan style=\"font-weight: 400;\"\u003eNatural\u003c/span\u003e\u003c/p\u003e\r\n\u003c/td\u003e\r\n\u003ctd\u003e\r\n\u003cp\u003e\u003cspan style=\"font-weight: 400;\"\u003ePlant-Based\u003c/span\u003e\u003c/p\u003e\r\n\u003c/td\u003e\r\n\u003ctd\u003e\r\n\u003cp\u003e\u003cspan style=\"font-weight: 400;\"\u003ePreservative\u003c/span\u003e\u003c/p\u003e\r\n\u003c/td\u003e\r\n\u003c/tr\u003e\r\n\u003ctr\u003e\r\n\u003ctd\u003e\r\n\u003cp\u003e\u003cspan style=\"font-weight: 400;\"\u003eSodium Levulinate\u003c/span\u003e\u003c/p\u003e\r\n\u003c/td\u003e\r\n\u003ctd\u003e\r\n\u003cp\u003e\u003cspan style=\"font-weight: 400;\"\u003eNatural\u003c/span\u003e\u003c/p\u003e\r\n\u003c/td\u003e\r\n\u003ctd\u003e\r\n\u003cp\u003e\u003cspan style=\"font-weight: 400;\"\u003ePlant-Based\u003c/span\u003e\u003c/p\u003e\r\n\u003c/td\u003e\r\n\u003ctd\u003e\r\n\u003cp\u003e\u003cspan style=\"font-weight: 400;\"\u003ePreservative\u003c/span\u003e\u003c/p\u003e\r\n\u003c/td\u003e\r\n\u003c/tr\u003e\r\n\u003ctr\u003e\r\n\u003ctd\u003e\r\n\u003cp\u003e\u003cspan style=\"font-weight: 400;\"\u003eEthoxydiglycol\u003c/span\u003e\u003c/p\u003e\r\n\u003c/td\u003e\r\n\u003ctd\u003e\r\n\u003cp\u003e\u003cspan style=\"font-weight: 400;\"\u003eSynthetic\u003c/span\u003e\u003c/p\u003e\r\n\u003c/td\u003e\r\n\u003ctd\u003e\r\n\u003cp\u003e\u003cspan style=\"font-weight: 400;\"\u003eLab Synthesized\u003c/span\u003e\u003c/p\u003e\r\n\u003c/td\u003e\r\n\u003ctd\u003e\r\n\u003cp\u003e\u003cspan style=\"font-weight: 400;\"\u003ePenetrant\u003c/span\u003e\u003c/p\u003e\r\n\u003c/td\u003e\r\n\u003c/tr\u003e\r\n\u003ctr\u003e\r\n\u003ctd\u003e\r\n\u003cp\u003e\u003cspan style=\"font-weight: 400;\"\u003eBeta Vulgaris (Beet) Root Extract\u003c/span\u003e\u003c/p\u003e\r\n\u003c/td\u003e\r\n\u003ctd\u003e\r\n\u003cp\u003e\u003cspan style=\"font-weight: 400;\"\u003eNatural\u003c/span\u003e\u003c/p\u003e\r\n\u003c/td\u003e\r\n\u003ctd\u003e\r\n\u003cp\u003e\u003cspan style=\"font-weight: 400;\"\u003eBeetroot Plant\u003c/span\u003e\u003c/p\u003e\r\n\u003c/td\u003e\r\n\u003ctd\u003e\r\n\u003cp\u003eAntioxidant\u003c/p\u003e\r\n\u003c/td\u003e\r\n\u003c/tr\u003e\r\n\u003ctr\u003e\r\n\u003ctd\u003e\r\n\u003cp\u003e\u003cspan style=\"font-weight: 400;\"\u003eHyaluronic Acid\u003c/span\u003e\u003c/p\u003e\r\n\u003c/td\u003e\r\n\u003ctd\u003e\r\n\u003cp\u003e\u003cspan style=\"font-weight: 400;\"\u003eSynthetic\u003c/span\u003e\u003c/p\u003e\r\n\u003c/td\u003e\r\n\u003ctd\u003e\r\n\u003cp\u003e\u003cspan style=\"font-weight: 400;\"\u003eLab Synthesized\u003c/span\u003e\u003c/p\u003e\r\n\u003c/td\u003e\r\n\u003ctd\u003e\r\n\u003cp\u003e\u003cspan style=\"font-weight: 400;\"\u003eHumectant\u003c/span\u003e\u003c/p\u003e\r\n\u003c/td\u003e\r\n\u003c/tr\u003e\r\n\u003ctr\u003e\r\n\u003ctd\u003e\r\n\u003cp\u003e\u003cspan style=\"font-weight: 400;\"\u003eNiacinamide\u003c/span\u003e\u003c/p\u003e\r\n\u003c/td\u003e\r\n\u003ctd\u003e\r\n\u003cp\u003e\u003cspan style=\"font-weight: 400;\"\u003eNatural\u003c/span\u003e\u003c/p\u003e\r\n\u003c/td\u003e\r\n\u003ctd\u003e\r\n\u003cp\u003e\u003cspan style=\"font-weight: 400;\"\u003eYeast\u003c/span\u003e\u003c/p\u003e\r\n\u003c/td\u003e\r\n\u003ctd\u003e\r\n\u003cp\u003e\u003cspan style=\"font-weight: 400;\"\u003eSkin Restoring\u003c/span\u003e\u003c/p\u003e\r\n\u003c/td\u003e\r\n\u003c/tr\u003e\r\n\u003ctr\u003e\r\n\u003ctd\u003e\r\n\u003cp\u003e\u003cspan style=\"font-weight: 400;\"\u003eGlyceryl Stearate\u003c/span\u003e\u003c/p\u003e\r\n\u003c/td\u003e\r\n\u003ctd\u003e\r\n\u003cp\u003e\u003cspan style=\"font-weight: 400;\"\u003eNatural\u003c/span\u003e\u003c/p\u003e\r\n\u003c/td\u003e\r\n\u003ctd\u003e\r\n\u003cp\u003e\u003cspan style=\"font-weight: 400;\"\u003ePlant-Based\u003c/span\u003e\u003c/p\u003e\r\n\u003c/td\u003e\r\n\u003ctd\u003e\r\n\u003cp\u003e\u003cspan style=\"font-weight: 400;\"\u003eEmulsifying and Stabilizing Agent\u003c/span\u003e\u003c/p\u003e\r\n\u003c/td\u003e\r\n\u003c/tr\u003e\r\n\u003ctr\u003e\r\n\u003ctd\u003e\r\n\u003cp\u003e\u003cspan style=\"font-weight: 400;\"\u003eAllantoin\u003c/span\u003e\u003c/p\u003e\r\n\u003c/td\u003e\r\n\u003ctd\u003e\r\n\u003cp\u003e\u003cspan style=\"font-weight: 400;\"\u003eNatural\u003c/span\u003e\u003c/p\u003e\r\n\u003c/td\u003e\r\n\u003ctd\u003e\r\n\u003cp\u003e\u003cspan style=\"font-weight: 400;\"\u003ePlant-Based\u003c/span\u003e\u003c/p\u003e\r\n\u003c/td\u003e\r\n\u003ctd\u003e\r\n\u003cp\u003e\u003cspan style=\"font-weight: 400;\"\u003eSkin Soothing\u003c/span\u003e\u003c/p\u003e\r\n\u003c/td\u003e\r\n\u003c/tr\u003e\r\n\u003ctr\u003e\r\n\u003ctd\u003e\r\n\u003cp\u003e\u003cspan style=\"font-weight: 400;\"\u003eZinc Oxide\u003c/span\u003e\u003c/p\u003e\r\n\u003c/td\u003e\r\n\u003ctd\u003e\r\n\u003cp\u003e\u003cspan style=\"font-weight: 400;\"\u003eNatural\u003c/span\u003e\u003c/p\u003e\r\n\u003c/td\u003e\r\n\u003ctd\u003e\r\n\u003cp\u003e\u003cspan style=\"font-weight: 400;\"\u003ePlant-Based\u003c/span\u003e\u003c/p\u003e\r\n\u003c/td\u003e\r\n\u003ctd\u003e\r\n\u003cp\u003e\u003cspan style=\"font-weight: 400;\"\u003eAntioxidant\u003c/span\u003e\u003c/p\u003e\r\n\u003c/td\u003e\r\n\u003c/tr\u003e\r\n\u003ctr\u003e\r\n\u003ctd\u003e\r\n\u003cp\u003e\u003cspan style=\"font-weight: 400;\"\u003eOxothiazolidine\u003c/span\u003e\u003c/p\u003e\r\n\u003c/td\u003e\r\n\u003ctd\u003e\r\n\u003cp\u003e\u003cspan style=\"font-weight: 400;\"\u003eNatural\u003c/span\u003e\u003c/p\u003e\r\n\u003c/td\u003e\r\n\u003ctd\u003e\r\n\u003cp\u003e\u003cspan style=\"font-weight: 400;\"\u003ePlant-Based\u003c/span\u003e\u003c/p\u003e\r\n\u003c/td\u003e\r\n\u003ctd\u003e\r\n\u003cp\u003e\u003cspan style=\"font-weight: 400;\"\u003eUV Protector\u003c/span\u003e\u003c/p\u003e\r\n\u003c/td\u003e\r\n\u003c/tr\u003e\r\n\u003ctr\u003e\r\n\u003ctd\u003e\r\n\u003cp\u003e\u003cspan style=\"font-weight: 400;\"\u003eVitamin-E \u003c/span\u003e\u003c/p\u003e\r\n\u003c/td\u003e\r\n\u003ctd\u003e\r\n\u003cp\u003e\u003cspan style=\"font-weight: 400;\"\u003eNatural\u003c/span\u003e\u003c/p\u003e\r\n\u003c/td\u003e\r\n\u003ctd\u003e\r\n\u003cp\u003e\u003cspan style=\"font-weight: 400;\"\u003ePlant-Based\u003c/span\u003e\u003c/p\u003e\r\n\u003c/td\u003e\r\n\u003ctd\u003e\r\n\u003cp\u003e\u003cspan style=\"font-weight: 400;\"\u003eAntioxidant\u003c/span\u003e\u003c/p\u003e\r\n\u003c/td\u003e\r\n\u003c/tr\u003e\r\n\u003ctr\u003e\r\n\u003ctd\u003e\r\n\u003cp\u003e\u003cspan style=\"font-weight: 400;\"\u003eTitanium Dioxide\u003c/span\u003e\u003c/p\u003e\r\n\u003c/td\u003e\r\n\u003ctd\u003e\r\n\u003cp\u003e\u003cspan style=\"font-weight: 400;\"\u003eNatural\u003c/span\u003e\u003c/p\u003e\r\n\u003c/td\u003e\r\n\u003ctd\u003e\r\n\u003cp\u003e\u003cspan style=\"font-weight: 400;\"\u003ePlant-Based\u003c/span\u003e\u003c/p\u003e\r\n\u003c/td\u003e\r\n\u003ctd\u003e\r\n\u003cp\u003e\u003cspan style=\"font-weight: 400;\"\u003eThickening \u0026amp; Emulsifying Agent\u003c/span\u003e\u003c/p\u003e\r\n\u003c/td\u003e\r\n\u003c/tr\u003e\r\n\u003c/tbody\u003e\r\n\u003c/table\u003e"},{"attribute_code":"attribute_value_7","value":"\u003cdiv id=\"faqs\"\u003e\r\n\u003cp\u003eWill It Provide Enough Sun Protection?\u003c/p\u003e\r\n\u003cp\u003eYes, Our Beetroot Hydraful Sunscreen comes with SPF 50 \u0026 PA++++ to protect your skin from harmful UVA and UVB rays.\u003c/p\u003e\r\n\u003cp\u003eCan I Use The Sunscreen Under Makeup?\u003c/p\u003e\r\n\u003cp\u003eYes, the Beetroot Hydraful Sunscreen can be used under makeup.\r\n\u003c/p\u003e\r\n\u003cp\u003eHow Often Should I Reapply This Sunscreen?\u003c/p\u003e\r\n\u003cp\u003eFor complete protection, reapply the sunscreen every 6 hours. \u003c/p\u003e\r\n\u003cp\u003eWill This Sunscreen Make My Skin Glow?\r\n\u003c/p\u003e\r\n\u003cp\u003eYes, infused with the goodness of Beetroot Extract, the sunscreen adds a natural, healthy-looking glow to the skin.\r\n\u003c/p\u003e\r\n\r\n\u003c/div\u003e"},{"attribute_code":"meta_keyword","value":"Beetroot Hydraful Sunscreen With Beetroot \u0026 Hyaluronic Acid - 50 g"},{"attribute_code":"special_price","value":null},{"attribute_code":"special_from_date","value":"2024-05-10 11:00:00"}],"hide_in_front":0,"image":"/1/-/1-with-ingredients_10.jpg","imageAltTags":[],"is_in_stock":true,"name":"Beetroot Hydraful Sunscreen With Beetroot \u0026 Hyaluronic Acid - 50 g","position":"1","price":"399.00","product_card_tags":"SPF 50 \u0026 PA++++ Protection | Hydrates Skin | Gives A Natural Glow","review_count":38,"sku":"8904417312867","special_price":"","special_price_from_date":{"date":"2024-05-10 16:30:00","timezone_type":3,"timezone":"Asia/Kolkata"},"tags":"Trending","url_key":"beetroot-hydraful-hyaluronic-acid-sunscreen-50ml","product_subtitle_keys":["Buy 1 Get 1 FREE"," Tan Protection"," Sunscreen"," Beetroot"],"size":"50g","unitPrice":"7.98/g","old_productid":"1213","generic_name":null},{"id":84,"tier_prices":[],"avg_rating_percent":96,"categories":[2,62,5,20,21,23,24,31,257,18,154,102,267,217,239,333,357,361,392,418,440,441,435],"created_at":"2021-03-25 13:29:18","custom_attributes":[{"attribute_code":"manufacturer","value":"Indo Herbal Products, Unit-2,Plot no 29.Sector 1B,IIE,SIDCUL.Ranipur,Haridwar-249403,Regd Address:-C-84 Panchsheel Enclave,New Delhi-110017"},{"attribute_code":"meta_title","value":"B1G1 Free on Mamaearth SPF 50 Sunscreen -80ml"},{"attribute_code":"meta_description","value":"B1G1 Free on Mamaearth SPF 50 Sunscreen, Ultra Light Indian Sunscreen for face with Carrot Seed, Turmeric for sun protection. It prevents UVA \u0026 UVB damage."},{"attribute_code":"image","value":"/1/_/1_46.jpg"},{"attribute_code":"small_image","value":"/1/_/1_46.jpg"},{"attribute_code":"thumbnail","value":"/1/_/1_46.jpg"},{"attribute_code":"options_container","value":"container2"},{"attribute_code":"small_image_label","value":"Mamaearth Ultra Light Indian Sunscreen, spf 50 sunscreen"},{"attribute_code":"thumbnail_label","value":"Mamaearth Ultra Light Indian Sunscreen, spf 50 sunscreen"},{"attribute_code":"country_of_manufacture","value":"IN"},{"attribute_code":"url_key","value":"ultra-light-indian-sunscreen"},{"attribute_code":"msrp_display_actual_price_type","value":"0"},{"attribute_code":"gift_message_available","value":"0"},{"attribute_code":"swatch_image","value":"/1/_/1_46.jpg"},{"attribute_code":"attribute_label_1","value":"About Mamaearth Sunscreen"},{"attribute_code":"attribute_label_2","value":"Key Ingredients"},{"attribute_code":"attribute_label_3","value":"How to Use"},{"attribute_code":"attribute_label_4","value":"Who can Use"},{"attribute_code":"attribute_label_5","value":"Why Mamaearth"},{"attribute_code":"attribute_label_6","value":"Ingredient List"},{"attribute_code":"attribute_label_7","value":"FAQS"},{"attribute_code":"best_before","value":"24 Months"},{"attribute_code":"dimensions","value":"10 * 5 * 5 cm"},{"attribute_code":"mrp","value":"499"},{"attribute_code":"old_productid","value":"523131"},{"attribute_code":"weight_when_packed","value":"0.500"},{"attribute_code":"tags","value":"best-seller"},{"attribute_code":"marketed_by","value":"Honasa Consumer Limited, 10th and 11th Floor, Capital Cyberscape, Sector 59, Gurugram, Haryana, 122101"},{"attribute_code":"live_url","value":"https://mamaearth.in/product/ultra-light-indian-sunscreen"},{"attribute_code":"license_no","value":"20/C/U.A/2010"},{"attribute_code":"length","value":"10"},{"attribute_code":"google_category","value":"2844"},{"attribute_code":"cms_sequence","value":"1,2,3,4,5,6,7,8"},{"attribute_code":"width","value":"5"},{"attribute_code":"height","value":"5"},{"attribute_code":"breadcrumb_category","value":"154","title":"Sunscreen for Oily Skin","url_key":"sunscreen-cream"},{"attribute_code":"custom_product_type","value":"be_body"},{"attribute_code":"brand","value":"4"},{"attribute_code":"product_card_tags","value":"Packed with SPF 50 PA++++ | Long Lasting Sun Protection"},{"attribute_code":"saving_scheme","value":"price_per_100_gm"},{"attribute_code":"product_subtitle_keys","value":"Buy 1 Get 1 FREE, Tan Protection, Sun Care, Ubtan"},{"attribute_code":"is_suitable_for_skin_type","value":"465","label":"normal"},{"attribute_code":"skin_goals","value":"469,473","label":"bright skin, tan removal"},{"attribute_code":"tax_class_id","value":"2"},{"attribute_code":"create_scarcity","value":"1"},{"attribute_code":"hide_product_infront","value":"0"},{"attribute_code":"show_in_feed","value":"1"},{"attribute_code":"base_category","value":"86"},{"attribute_code":"base_sub_category","value":"82"},{"attribute_code":"key_ingredient","value":"118"},{"attribute_code":"show_price_per_unit","value":"1"},{"attribute_code":"volume","value":"80"},{"attribute_code":"enable_fbt_popup","value":"1"},{"attribute_code":"enable_product_for_wa_commerce","value":"0"},{"attribute_code":"ultralight_sunscreen","value":"320"},{"attribute_code":"strikethrough","value":"1"},{"attribute_code":"tag_keywords","value":"beauty care, beauty face care, beauty face product, beauty face products, beauty product, beauty products, face care, face care product, face care products, mama, mama e, mama ea, mama ear, mama earth, mamaearth"},{"attribute_code":"short_description","value":"\u003cp style=\"text-align: justify;\"\u003eBe fearless when you go out in the sun with Mamaearth Ultra Light Indian Sunscreen. Power-packed with Carrot Seed Oil, Turmeric, and Orange Oil – this \u003cstrong\u003eSPF 50 Sunscreen\u003c/strong\u003e comes with PA++++ protection to help safeguard your skin even in the harshest Indian summers.\u003cbr /\u003eFormulated with natural ingredients for Indian skin and weather, Mamaearth Ultra Light Indian Sunscreen prevents UVA \u0026amp; UVB damage for up to 6 hours. Super lightweight, it doesn’t dry out or leave patches, keeping your skin moisturized \u0026amp; protected for an extended period. It protects against the sun, reduces tan, and keeps your skin glowing without making it oily or greasy!\u003cbr /\u003eSuitable for all skin types, Mamaearth Ultra Light Indian Sunscreen is free of Silicones, Sulfates, Phthalates, Parabens, and artificial colors.\u003c/p\u003e"},{"attribute_code":"attribute_value_1","value":"\u003cdiv class=\"list-banner\"\u003e\u003cimg src=\"https://images.mamaearth.in/wysiwyg/ultra_light_sunscreen_80_new.jpg\" alt=\"sunscreen\" width=\"970\" height=\"3100\" /\u003e\r\n\u003cp style=\"text-align: center;\"\u003eUltralight Indian Sunscreen\u003c/p\u003e\r\n\u003c/div\u003e"},{"attribute_code":"attribute_value_2","value":"\u003cul class=\"woodmart-list\"\u003e\r\n\u003cli\u003e\r\n\u003cdiv class=\"list-icon\"\u003e\u003cimg src=\"https://images.mamaearth.in/wysiwyg/Attribute_Images/image4.jpg\" alt=\"Mamaearth carrot sunscreen as sunscreen cream spf 50 with Carrot Seed Oil\" /\u003e\u003c/div\u003e\r\n\u003cspan class=\"list-content\" style=\"text-align: justify;\"\u003e\u003cstrong\u003eCarrot Seed Oil : \u003c/strong\u003eAn excellent moisturizer as well as a sun protectant, it penetrates deep in the skin and doesn’t leave behind any residue.\u003c/span\u003e\u003c/li\u003e\r\n\u003cli\u003e\r\n\u003cdiv class=\"list-icon\"\u003e\u003cimg src=\"https://images.mamaearth.in/wysiwyg/image%20optimize/Turmeric_kK1ucAf.jpg\" alt=\"Mamaearth Suncream as Sunscreen spf 50 pa+++ for Men with Turmeric\" /\u003e\u003c/div\u003e\r\n\u003cspan class=\"list-content\" style=\"text-align: justify;\"\u003e\u003cstrong\u003eTurmeric : \u003c/strong\u003eWith antibacterial properties, Turmeric heals, suits all skin types, and makes the sunscreen ideal for Indian summers.\u003c/span\u003e\u003c/li\u003e\r\n\u003cli\u003e\r\n\u003cdiv class=\"list-icon\"\u003e\u003cimg src=\"https://images.mamaearth.in/wysiwyg/Attribute_Images/download-100x100.jpeg\" alt=\"sunscreen spf 50 with Orange Oil as Mamaearth Ultra Light Indian Sunscreen Ingredients\" /\u003e\u003c/div\u003e\r\n\u003cspan class=\"list-content\" style=\"text-align: justify;\"\u003e\u003cstrong\u003eOrange Oil : \u003c/strong\u003eNon-greasy, anti-inflammatory properties of Orange Oil increase the skin’s ability to absorb the sunscreen quickly and protect from UVA \u0026amp; UVB rays.\u003c/span\u003e\u003c/li\u003e\r\n\u003cli\u003e\r\n\u003cdiv class=\"list-icon\"\u003e\u003cimg src=\"https://images.mamaearth.in/wysiwyg/image%20optimize/cananga-oil%20new%20Image.jpg\" alt=\"Sunscreen for Face Mamaearth\" /\u003e\u003c/div\u003e\r\n\u003cspan class=\"list-content\" style=\"text-align: justify;\"\u003e\u003cstrong\u003eCananga Oil : \u003c/strong\u003eBy forming an external protective layer, Cananga Oil keeps the skin safe even in the harshest weather.\u003c/span\u003e\u003c/li\u003e\r\n\u003c/ul\u003e"},{"attribute_code":"attribute_value_3","value":"\u003cul class=\"how-use-list\"\u003e\r\n\u003cli\u003e\r\n\u003cdiv class=\"how-use-img\"\u003e\u003cimg src=\"https://images.mamaearth.in/wysiwyg/Attribute_Images/s1.png\" alt=\"Mama Earth Sunscreen Cream with How to use Mamaearth Ultra Light Indian Sunscreen\" /\u003e\u003c/div\u003e\r\n\u003ch2\u003eStep 1\u003c/h2\u003e\r\n\u003cspan class=\"how-use-content\"\u003eTake a pea-sized amount of sunscreen on your fingertip\u003c/span\u003e\u003c/li\u003e\r\n\u003cli\u003e\r\n\u003cdiv class=\"how-use-img\"\u003e\u003cimg src=\"https://images.mamaearth.in/wysiwyg/Attribute_Images/sd2.png\" alt=\"Mama earth sunscreen lotion as in mama earth sun cream\" /\u003e\u003c/div\u003e\r\n\u003ch2\u003eStep 2\u003c/h2\u003e\r\n\u003cspan class=\"how-use-content\"\u003eApply dots all over face \u0026amp; neck and massage in a circular motion\u003c/span\u003e\u003c/li\u003e\r\n\u003cli\u003e\r\n\u003cdiv class=\"how-use-img\"\u003e\u003cimg src=\"https://images.mamaearth.in/wysiwyg/Attribute_Images/sd3.png\" alt=\"mamaearth face sunscreen as mamaearth sunscreen cream\" /\u003e\u003c/div\u003e\r\n\u003ch2\u003eStep 3\u003c/h2\u003e\r\n\u003cspan class=\"how-use-content\"\u003eMassage all over the face \u0026amp; neck until the cream is completely absorbed\u003c/span\u003e\u003c/li\u003e\r\n\u003c/ul\u003e"},{"attribute_code":"attribute_value_4","value":"\u003cul style=\"list-style: disc; padding-left: 1em;\"\u003e\r\n\u003cli\u003e\u003cspan class=\"list-content\"\u003eMen and women of age 15 years and above\u003c/span\u003e\u003c/li\u003e\r\n\u003c/ul\u003e"},{"attribute_code":"attribute_value_5","value":"\u003cul class=\"compare-list\"\u003e\r\n\u003cli\u003e\r\n\u003cdiv class=\"compare-img\"\u003e\u003cimg src=\"https://images.mamaearth.in/wysiwyg/sunsreen_ultra_80g_white_bg.jpg\" alt=\"Mamaearth Ultra Light Indian Sunscreen Better Than Others Available In The Market\" /\u003e\u003c/div\u003e\r\n\u003cdiv class=\"compare-content\"\u003e\r\n\u003cul\u003e\r\n\u003cli\u003eHighest protection against harsh sun\u003c/li\u003e\r\n\u003cli\u003eNo white cast on the skin\u003c/li\u003e\r\n\u003cli\u003eSuitable for all skin types\u003c/li\u003e\r\n\u003cli\u003eReverses Tan\u003c/li\u003e\r\n\u003cli\u003eFree from silicones and parabens\u003c/li\u003e\r\n\u003c/ul\u003e\r\n\u003c/div\u003e\r\n\u003c/li\u003e\r\n\u003cli\u003e\r\n\u003cdiv class=\"compare-img\"\u003e\u003cimg src=\"https://images.mamaearth.in/wysiwyg/Attribute_Images/10pcs-Soft-Empty-Tube-Transparent-Soft-Tube-Makeup-Cosmetic-Cream-Lotion-Travel-Containers-Case-15ml-Facial.jpg_640x640q70-300x300_1_.jpg\" alt=\"mamaearth sun cream\" /\u003e\u003c/div\u003e\r\n\u003cdiv class=\"compare-content\"\u003e\r\n\u003cul\u003e\r\n\u003cli\u003eFalse Claims against Sun Protection\u003c/li\u003e\r\n\u003cli\u003eForms a white layer on the skin\u003c/li\u003e\r\n\u003cli\u003eEither too oily or too dry\u003c/li\u003e\r\n\u003cli\u003eCauses Tan\u003c/li\u003e\r\n\u003cli\u003eContains silicones \u0026amp; parabens\u003c/li\u003e\r\n\u003c/ul\u003e\r\n\u003c/div\u003e\r\n\u003c/li\u003e\r\n\u003c/ul\u003e"},{"attribute_code":"attribute_value_6","value":"\u003ctable style=\"width: 646px;\"\u003e\r\n\u003ctbody\u003e\r\n\u003ctr\u003e\r\n\u003ctd width=\"198\"\u003eIngredients\u003c/td\u003e\r\n\u003ctd width=\"133\"\u003eType\u003c/td\u003e\r\n\u003ctd width=\"133\"\u003eWhere Is It From?\u003c/td\u003e\r\n\u003ctd width=\"182\"\u003eHow It Helps?\u003c/td\u003e\r\n\u003c/tr\u003e\r\n\u003ctr\u003e\r\n\u003ctd width=\"198\"\u003eAqua\u003c/td\u003e\r\n\u003ctd width=\"133\"\u003eNatural\u003c/td\u003e\r\n\u003ctd width=\"133\"\u003eWater\u003c/td\u003e\r\n\u003ctd width=\"182\"\u003eDiluent\u003c/td\u003e\r\n\u003c/tr\u003e\r\n\u003ctr\u003e\r\n\u003ctd width=\"198\"\u003eTriheptanoin\u003c/td\u003e\r\n\u003ctd width=\"133\"\u003eNatural\u003c/td\u003e\r\n\u003ctd width=\"133\"\u003ePlant Derived\u003c/td\u003e\r\n\u003ctd width=\"182\"\u003eEmollient\u003c/td\u003e\r\n\u003c/tr\u003e\r\n\u003ctr\u003e\r\n\u003ctd width=\"198\"\u003eButyloctyl Salicylate\u003c/td\u003e\r\n\u003ctd width=\"133\"\u003eNatural\u003c/td\u003e\r\n\u003ctd width=\"133\"\u003eBark of willow trees\u003c/td\u003e\r\n\u003ctd width=\"182\"\u003eSolvent\u003c/td\u003e\r\n\u003c/tr\u003e\r\n\u003ctr\u003e\r\n\u003ctd width=\"198\"\u003eTitanium Dioxide\u003c/td\u003e\r\n\u003ctd width=\"133\"\u003eNatural\u003c/td\u003e\r\n\u003ctd width=\"133\"\u003eMinerals\u003c/td\u003e\r\n\u003ctd width=\"182\"\u003eColorant\u003c/td\u003e\r\n\u003c/tr\u003e\r\n\u003ctr\u003e\r\n\u003ctd width=\"198\"\u003eAlumina\u003c/td\u003e\r\n\u003ctd width=\"133\"\u003eNatural\u003c/td\u003e\r\n\u003ctd width=\"133\"\u003eNatural Ore\u003c/td\u003e\r\n\u003ctd width=\"182\"\u003ePigment Carrier\u003c/td\u003e\r\n\u003c/tr\u003e\r\n\u003ctr\u003e\r\n\u003ctd width=\"198\"\u003eStearic Acid\u003c/td\u003e\r\n\u003ctd width=\"133\"\u003eNatural\u003c/td\u003e\r\n\u003ctd width=\"133\"\u003eFatty acids\u003c/td\u003e\r\n\u003ctd width=\"182\"\u003eSurfactants\u003c/td\u003e\r\n\u003c/tr\u003e\r\n\u003ctr\u003e\r\n\u003ctd width=\"198\"\u003ePolyhydroxystearic Acid\u003c/td\u003e\r\n\u003ctd width=\"133\"\u003eNatural\u003c/td\u003e\r\n\u003ctd width=\"133\"\u003eCastor Oil\u003c/td\u003e\r\n\u003ctd width=\"182\"\u003eDispersing Agent\u003c/td\u003e\r\n\u003c/tr\u003e\r\n\u003ctr\u003e\r\n\u003ctd width=\"198\"\u003eNeopentyl Glycol Diheptanoate\u003c/td\u003e\r\n\u003ctd width=\"133\"\u003eNatural\u003c/td\u003e\r\n\u003ctd width=\"133\"\u003eOrganic blend\u003c/td\u003e\r\n\u003ctd width=\"182\"\u003eSkin conditioning\u003c/td\u003e\r\n\u003c/tr\u003e\r\n\u003ctr\u003e\r\n\u003ctd width=\"198\"\u003eGlyceryl Stearate Citrate\u003c/td\u003e\r\n\u003ctd width=\"133\"\u003eNatural\u003c/td\u003e\r\n\u003ctd width=\"133\"\u003ePalm kernel Oil\u003c/td\u003e\r\n\u003ctd width=\"182\"\u003eSkin conditioning, Emollient\u003c/td\u003e\r\n\u003c/tr\u003e\r\n\u003ctr\u003e\r\n\u003ctd width=\"198\"\u003eParsol MCX\u003c/td\u003e\r\n\u003ctd width=\"133\"\u003eNatural\u003c/td\u003e\r\n\u003ctd width=\"133\"\u003ePlant Derived\u003c/td\u003e\r\n\u003ctd width=\"182\"\u003eSun Protection\u003c/td\u003e\r\n\u003c/tr\u003e\r\n\u003ctr\u003e\r\n\u003ctd width=\"198\"\u003eAvobenzone\u003c/td\u003e\r\n\u003ctd width=\"133\"\u003eNatural\u003c/td\u003e\r\n\u003ctd width=\"133\"\u003ePlant Derived\u003c/td\u003e\r\n\u003ctd width=\"182\"\u003eSun Protection\u003c/td\u003e\r\n\u003c/tr\u003e\r\n\u003ctr\u003e\r\n\u003ctd width=\"198\"\u003eOctocrylene\u003c/td\u003e\r\n\u003ctd width=\"133\"\u003eNatural\u003c/td\u003e\r\n\u003ctd width=\"133\"\u003eOrganic blend\u003c/td\u003e\r\n\u003ctd width=\"182\"\u003eSun Protection\u003c/td\u003e\r\n\u003c/tr\u003e\r\n\u003ctr\u003e\r\n\u003ctd width=\"198\"\u003ePropanediol\u003c/td\u003e\r\n\u003ctd width=\"133\"\u003eNatural\u003c/td\u003e\r\n\u003ctd width=\"133\"\u003ePlant Derived\u003c/td\u003e\r\n\u003ctd width=\"182\"\u003epH Adjuster\u003c/td\u003e\r\n\u003c/tr\u003e\r\n\u003ctr\u003e\r\n\u003ctd width=\"198\"\u003eGlycerin\u003c/td\u003e\r\n\u003ctd width=\"133\"\u003eNatural\u003c/td\u003e\r\n\u003ctd width=\"133\"\u003ePlant Derived\u003c/td\u003e\r\n\u003ctd width=\"182\"\u003eHumectant\u003c/td\u003e\r\n\u003c/tr\u003e\r\n\u003ctr\u003e\r\n\u003ctd width=\"198\"\u003eGlyceryl Monostearate\u003c/td\u003e\r\n\u003ctd width=\"133\"\u003eNatural\u003c/td\u003e\r\n\u003ctd width=\"133\"\u003eGlycerin\u003c/td\u003e\r\n\u003ctd width=\"182\"\u003eLubricant, emulsion\u003c/td\u003e\r\n\u003c/tr\u003e\r\n\u003ctr\u003e\r\n\u003ctd width=\"198\"\u003eDicaprylyl Carbonate\u003c/td\u003e\r\n\u003ctd width=\"133\"\u003eNatural\u003c/td\u003e\r\n\u003ctd width=\"133\"\u003ePlant Derived\u003c/td\u003e\r\n\u003ctd width=\"182\"\u003eSkin conditioning, Emollient\u003c/td\u003e\r\n\u003c/tr\u003e\r\n\u003ctr\u003e\r\n\u003ctd width=\"198\"\u003eSilica\u003c/td\u003e\r\n\u003ctd width=\"133\"\u003eNatural\u003c/td\u003e\r\n\u003ctd width=\"133\"\u003eMinerals\u003c/td\u003e\r\n\u003ctd width=\"182\"\u003eAbsorbent\u003c/td\u003e\r\n\u003c/tr\u003e\r\n\u003ctr\u003e\r\n\u003ctd width=\"198\"\u003eButylene Glycol\u003c/td\u003e\r\n\u003ctd width=\"133\"\u003eNatural\u003c/td\u003e\r\n\u003ctd width=\"133\"\u003eFossil Fuel\u003c/td\u003e\r\n\u003ctd width=\"182\"\u003eMoisturizer\u003c/td\u003e\r\n\u003c/tr\u003e\r\n\u003ctr\u003e\r\n\u003ctd width=\"198\"\u003eBemotrizinol\u003c/td\u003e\r\n\u003ctd width=\"133\"\u003eNatural\u003c/td\u003e\r\n\u003ctd width=\"133\"\u003eOrganic blend\u003c/td\u003e\r\n\u003ctd width=\"182\"\u003eSunscreen\u003c/td\u003e\r\n\u003c/tr\u003e\r\n\u003ctr\u003e\r\n\u003ctd width=\"198\"\u003eCetostearyl Alcohol\u003c/td\u003e\r\n\u003ctd width=\"133\"\u003eNatural\u003c/td\u003e\r\n\u003ctd width=\"133\"\u003eCoconut\u003c/td\u003e\r\n\u003ctd width=\"182\"\u003eEmulsifier\u003c/td\u003e\r\n\u003c/tr\u003e\r\n\u003ctr\u003e\r\n\u003ctd width=\"198\"\u003eGlyceryl Caprylate\u003c/td\u003e\r\n\u003ctd width=\"133\"\u003eNatural\u003c/td\u003e\r\n\u003ctd width=\"133\"\u003eVegetable Derived\u003c/td\u003e\r\n\u003ctd width=\"182\"\u003ePreservative\u003c/td\u003e\r\n\u003c/tr\u003e\r\n\u003ctr\u003e\r\n\u003ctd width=\"198\"\u003eGlyceryl Undecylenate\u003c/td\u003e\r\n\u003ctd width=\"133\"\u003eNatural\u003c/td\u003e\r\n\u003ctd width=\"133\"\u003eVegetable Derived\u003c/td\u003e\r\n\u003ctd width=\"182\"\u003ePreservative\u003c/td\u003e\r\n\u003c/tr\u003e\r\n\u003ctr\u003e\r\n\u003ctd width=\"198\"\u003eCarrot Seed Oil\u003c/td\u003e\r\n\u003ctd width=\"133\"\u003eNatural\u003c/td\u003e\r\n\u003ctd width=\"133\"\u003eCarrot Seed\u003c/td\u003e\r\n\u003ctd width=\"182\"\u003eSun Protection \u0026amp; Moisturizing Agent\u003c/td\u003e\r\n\u003c/tr\u003e\r\n\u003ctr\u003e\r\n\u003ctd width=\"198\"\u003eTetrahydrocurcumin (Turmeric)\u003c/td\u003e\r\n\u003ctd width=\"133\"\u003eNatural\u003c/td\u003e\r\n\u003ctd width=\"133\"\u003eTurmeric\u003c/td\u003e\r\n\u003ctd width=\"182\"\u003eAnti-Bacterial\u003c/td\u003e\r\n\u003c/tr\u003e\r\n\u003ctr\u003e\r\n\u003ctd width=\"198\"\u003eAcrylates/C10-30 Alkyl Acrylate Cross polymer\u003c/td\u003e\r\n\u003ctd width=\"133\"\u003eNatural\u003c/td\u003e\r\n\u003ctd width=\"133\"\u003ePlant Derived\u003c/td\u003e\r\n\u003ctd width=\"182\"\u003eThickening Agent\u003c/td\u003e\r\n\u003c/tr\u003e\r\n\u003ctr\u003e\r\n\u003ctd width=\"198\"\u003eAcacia Senegal Gum\u003c/td\u003e\r\n\u003ctd width=\"133\"\u003eNatural\u003c/td\u003e\r\n\u003ctd width=\"133\"\u003ePlant Derived\u003c/td\u003e\r\n\u003ctd width=\"182\"\u003eThickening Agent\u003c/td\u003e\r\n\u003c/tr\u003e\r\n\u003ctr\u003e\r\n\u003ctd width=\"198\"\u003eXanthan Gum\u003c/td\u003e\r\n\u003ctd width=\"133\"\u003eNatural\u003c/td\u003e\r\n\u003ctd width=\"133\"\u003ePlant Derived\u003c/td\u003e\r\n\u003ctd width=\"182\"\u003eThickening Agent\u003c/td\u003e\r\n\u003c/tr\u003e\r\n\u003ctr\u003e\r\n\u003ctd width=\"198\"\u003ePhospholipids\u003c/td\u003e\r\n\u003ctd width=\"133\"\u003eNatural\u003c/td\u003e\r\n\u003ctd width=\"133\"\u003ePlant Derived\u003c/td\u003e\r\n\u003ctd width=\"182\"\u003eEmulsifier\u003c/td\u003e\r\n\u003c/tr\u003e\r\n\u003ctr\u003e\r\n\u003ctd width=\"198\"\u003eSodium Hydroxide\u003c/td\u003e\r\n\u003ctd width=\"133\"\u003eNatural\u003c/td\u003e\r\n\u003ctd width=\"133\"\u003eMarine-Derived\u003c/td\u003e\r\n\u003ctd width=\"182\"\u003eNeutralizer\u003c/td\u003e\r\n\u003c/tr\u003e\r\n\u003ctr\u003e\r\n\u003ctd width=\"198\"\u003eCananga Oil\u003c/td\u003e\r\n\u003ctd width=\"133\"\u003eNatural\u003c/td\u003e\r\n\u003ctd width=\"133\"\u003eFlower of Cananga\u003c/td\u003e\r\n\u003ctd width=\"182\"\u003eSkin nourisher\u003c/td\u003e\r\n\u003c/tr\u003e\r\n\u003ctr\u003e\r\n\u003ctd width=\"198\"\u003eOrange Oil\u003c/td\u003e\r\n\u003ctd width=\"133\"\u003eNatural\u003c/td\u003e\r\n\u003ctd width=\"133\"\u003eFruit Derived\u003c/td\u003e\r\n\u003ctd width=\"182\"\u003eAnti-Inflammatory\u003c/td\u003e\r\n\u003c/tr\u003e\r\n\u003c/tbody\u003e\r\n\u003c/table\u003e"},{"attribute_code":"attribute_value_7","value":"\u003cdiv id=\"faqs\"\u003e\r\n\u003cp\u003eWhen to apply mamaearth sunscreen?\u003c/p\u003e\r\n\u003cp\u003eA sunscreen cream for the face should be applied 15-30 minutes before going outdoors. This sunscreen cream Mamaearth is especially advised for people with dry skin. They should also reapply this Mama earth sunscreen cream every 2 hours to all exposed skin when outside, and after perspiring or swimming.\u003c/p\u003e\r\n\u003cp\u003eWhat is the Mamaearth sunscreen price in india?\u003c/p\u003e\r\n\u003cp\u003eThe Mamaearth sunscreen spf 50 price is Rs. 499 for an 80 ml pack.\u003c/p\u003e\r\n\u003cp\u003eWhat are the Mamaearth sunscreen spf 50 ingredients?\u003c/p\u003e\r\n\u003cp\u003eMamaearth Ultra Light Indian Sunscreen with Carrot Seed, Turmeric and SPF 50 PA+++ contains carrot seed oil, turmeric, orange oil, and Cananga oil that together protect against the sun’s harmful UV radiation and protect the skin’s moisture. This non-sticky mamaearth tinted sunscreen also heals inflammation and reduces redness caused due to seasonal changes.\u003c/p\u003e\r\n\u003cp\u003eIs this Mamaearth sun cream based on SPF 50 sun protection?\u003c/p\u003e\r\n\u003cp\u003eMamaearth Ultra Light Indian Sunscreen is a cream based on SPF 50 sun protection and is said to be one of the best sunscreen creams in India for both men and women. This mamaearth Spf 50 Sunscreen has a very economical price, lasts really long and also best mamaearth sunscreen for dry skin.\u003c/p\u003e\r\n\u003cp\u003eIs Mamaearth sunscreen good all skin types?\u003c/p\u003e\r\n\u003cp\u003eYes, Mamaearth Ultra Light Indian Sunscreen Lotion Spf 50 is suitable for all skin types (for sensitive and for oily skin types too). This sunscreen for face Mamaearth can be used by everyone above the age of 15 years.\u003c/p\u003e\r\n\u003cp\u003eIs this Mamaearth carrot sunscreen suitable for all skin types?\u003c/p\u003e\r\n\u003cp\u003eYes, Mamaearth Ultra Light Indian sunscreen cream SPF 50 is suitable for all skin types (for sensitive and for oily skin types too). This mamaearth sun cream can be used by everyone above the age of 15 years.\u003c/p\u003e\r\n\u003cp\u003eCan men use this mamaearth sunscreen for men?\u003c/p\u003e\r\n\u003cp\u003eYes, this mamaearth sunscreen for face can be used by both men and women.\u003c/p\u003e\r\n\u003cp\u003eCan I use SPF 50 every day?\u003c/p\u003e\r\n\u003cp\u003eYes, using SPF 50 sun protection on your skin daily is essential, especially if you follow a good skincare routine. Whether you go out or stay indoors, applying SPF 50 sunscreen to your skin is safe and essential. It will help protect your skin from harmful UV rays and maintain smooth skin texture.\u003c/p\u003e\r\n\u003cp\u003eIs it OK to leave sunscreen on overnight?\u003c/p\u003e\r\n\u003cp\u003eWhen applied correctly, sunscreen is excellent at blocking UV rays and preventing sunburns. However, it is better not to use it during the night, especially if done so for extended durations of time. In such situations, it can clog pores, irritate skin, and cause breakouts. Sunscreens' active constituents are oils, which should be removed from the skin before bed.\u003c/p\u003e\r\n\u003cp\u003eIs SPF 50 enough for Indian skin?\u003c/p\u003e\r\n\u003cp\u003eYes. Experts recommend choosing sunscreens with SPF 30 or above, especially for Indian skin tones. Sunscreens offer anti-aging properties, protect against hyperpigmentation, delay the onset of wrinkles and collagen degradation, and prevent excessive sun tanning and skin burns.\u003c/p\u003e\r\n\u003cp\u003eCan I wash off sunscreen with water?\u003c/p\u003e\r\n\u003cp\u003eSunscreen can easily be washed off with water. If applying a waterproof sunscreen, try massaging thoroughly with a gentle face wash for a hassle-free deep cleansing. \u003c/p\u003e\r\n\u003cp\u003eWhat happens when you start using sunscreen?\u003c/p\u003e\r\n\u003cp\u003eThe sun’s harmful rays start to damage the skin and can increase the risk of skin cancer and premature skin aging. Therefore, it is essential to add a good sunscreen with SPF30 or more to lower the risk of such concerns and protect your skin from the damaging effects of the sun. \u003c/p\u003e\r\n\u003cp\u003eCan we apply sunscreen even at home?\u003c/p\u003e\r\n\u003cp\u003eYes, it is advisable to add an SPF30 or above to your daily skincare routine, whether you are going out or staying in. It can improve your skincare regimen, delay the aging process, and shield you from skin-related issues.\u003c/p\u003e\r\n\u003c/div\u003e"},{"attribute_code":"meta_keyword","value":"sunscreen spf 50 pa+++, mamaearth sunscreen price in india,  Mamaearth Ultra Light Indian Sunscreen, sun cream spf 50, sunscreen cream, best sunscreen cream, sunscreen cream for face, men's sunscreen cream, sunscreen cream SPF 50, sun cream for men, Mamaearth carrot sunscreen, mamaearth suncream, mamaearth tinted sunscreen, mamaearth sun cream, mama earth sunscreen cream, mamaearth sunscreen cream, mamaearth face sunscreen, mamaearth sunscreen for sensitive skin, mamaearth sunscreen lotion, mamaearth sunscreen price, mamaearth sun cream, mamaearth ka sunscreen, sunscreen cream mamaearth\r\n, sunscreen for face mamaearth, mamaearth sunscreen for face, mamaearth sunscreen for men, mamaearth products sunscreen, mama earth sunscreen cream, mama earth sun protection cream, best mamaearth sunscreen for dry skin"},{"attribute_code":"special_from_date","value":"2023-06-07 18:50:00"}],"hide_in_front":0,"image":"/1/_/1_46.jpg","is_in_stock":true,"name":"Ultra Light Indian Sunscreen with Carrot Seed, Turmeric and SPF 50 PA++++ - 80g","position":"3","price":"499.00","product_card_tags":"Packed with SPF 50 PA++++ | Long Lasting Sun Protection","review_count":376,"sku":"8906087771333","special_price":"","special_price_from_date":{"date":"2023-06-08 00:20:00","timezone_type":3,"timezone":"Asia/Kolkata"},"tags":"best-seller","url_key":"ultra-light-indian-sunscreen","imageAltTags":[],"configurable_option":{"attribute_id":290,"option_id":320,"attribute_label":"Ultralight_Sunscreen","title":"80g","swatch_data":{"swatch_id":448,"option_id":320,"store_id":1,"type":0,"value":"80g"}},"siblings":[{"id":1117,"sku":"8904417311440","name":"Ultra Light Indian Sunscreen with Carrot Seed, Turmeric, and SPF 50 PA+++ - 50 g","url_key":"ultra-light-turmeric-carrot-oil-sunscreen","price":"399.00","is_in_stock":true,"custom_attributes":[{"attribute_code":"saving_scheme","value":"price_per_100_gm"},{"attribute_code":"volume","value":"50"}],"special_price":"","parent_id":1220,"attribute_id":290,"option_id":319,"parent_sku":"09090909","attribute_label":"Ultralight_Sunscreen","title":"50g","swatch_data":{"swatch_id":446,"option_id":319,"store_id":1,"type":0,"value":"50g"},"special_from_date":{"date":"2024-05-10 13:09:00","timezone_type":3,"timezone":"Asia/Kolkata"}}],"product_subtitle_keys":["Buy 1 Get 1 FREE"," Tan Protection"," Sun Care"," Ubtan"],"size":"80g","unitPrice":"6.24/g","old_productid":"523131","generic_name":null}]},{"categId":53,"title":"Skin Care","description":"\u003cp\u003eExplore 100% toxin-free and safe skincare products by Mamaearth that are formulated with love and the goodness of natural ingredients\u003c/p\u003e","position":5,"shopLink":"/product-category/skin","products":[{"id":1144,"tier_prices":[],"avg_rating_percent":99,"categories":[2,5,157,296,18,31,335,337,402,431,53,376],"created_at":"2024-01-17 06:43:07","custom_attributes":[{"attribute_code":"manufacturer","value":"(A) : Indo Herbal Products, Unit - 2, Plot No. 28-29, Sector 1B, IIE, Sidcul, Ranipur, Haridwar, India - 249403 M. : 20/C/U.A/2010 (B) : Indo Herbal Products, Plot No 17, Sector 12, IIE, SIDCUL, Haridwar, Uttarakhand, India - 249403 M. : 2/C/UA/2023"},{"attribute_code":"meta_title","value":"Beetroot Moisturizer with Glycerin for Dry Skin-50ml "},{"attribute_code":"meta_description","value":"Mamaearth beetroot moisturizer will give your skin a natural pink glow and a boost of hydration for 48 hrs. enriched with moisture boosting glycerin extract "},{"attribute_code":"image","value":"/1/-/1-with-ingredients_4.jpg"},{"attribute_code":"small_image","value":"/1/-/1-with-ingredients_4.jpg"},{"attribute_code":"thumbnail","value":"/1/-/1-with-ingredients_4.jpg"},{"attribute_code":"options_container","value":"container2"},{"attribute_code":"country_of_manufacture","value":"IN"},{"attribute_code":"url_key","value":"beetroot-hydraful-hyaluronic-acid-face-moisturizer-50ml"},{"attribute_code":"msrp_display_actual_price_type","value":"0"},{"attribute_code":"gift_message_available","value":"2"},{"attribute_code":"swatch_image","value":"/1/-/1-with-ingredients_4.jpg"},{"attribute_code":"attribute_label_1","value":"Results of Beetroot Hydraful Moisturizer"},{"attribute_code":"attribute_label_2","value":"Hero Ingredients"},{"attribute_code":"attribute_label_3","value":"How to Use"},{"attribute_code":"attribute_label_4","value":"Who Can Use Mamaearth Beetroot Gentle Face Wash?"},{"attribute_code":"attribute_label_5","value":"Why Mamaearth?"},{"attribute_code":"attribute_label_6","value":"Ingredient List"},{"attribute_code":"attribute_label_7","value":"FAQs"},{"attribute_code":"best_before","value":"24 Months"},{"attribute_code":"dimensions","value":"10*5*5"},{"attribute_code":"ean_code","value":"8904417312133"},{"attribute_code":"mrp","value":"349"},{"attribute_code":"old_productid","value":"1142"},{"attribute_code":"tags","value":"trending"},{"attribute_code":"marketed_by","value":"Honasa Consumer Limited, 10th and 11th Floor, Capital Cyberscape, Sector 59, Gurugram, Haryana, 122101"},{"attribute_code":"live_url","value":"https://mamaearth.in/product/beetroot-hydraful-hyaluronic-acid-face-moisturizer-50ml"},{"attribute_code":"license_no","value":"M. : 20/C/U.A/2010, M. : 2/C/UA/2023"},{"attribute_code":"length","value":"10"},{"attribute_code":"google_category","value":"2915"},{"attribute_code":"cms_sequence","value":"1,2,3,4,5,6,7,8"},{"attribute_code":"width","value":"5"},{"attribute_code":"height","value":"5"},{"attribute_code":"breadcrumb_category","value":"151","title":"Pimple Cream for Face ","url_key":"face-cream-for-pimples"},{"attribute_code":"custom_product_type","value":"be_face"},{"attribute_code":"brand","value":"4"},{"attribute_code":"product_card_tags","value":"For A Healthy Pink Glow | 48-Hour Hydration*"},{"attribute_code":"saving_scheme","value":"price_per_100_ml"},{"attribute_code":"product_subtitle_keys","value":"Buy 1 Get 1 FREE, Moisturizer, Beetroot"},{"attribute_code":"is_suitable_for_skin_type","value":"465","label":"normal"},{"attribute_code":"skin_goals","value":"467,470","label":"moisturization, even skin tone"},{"attribute_code":"tax_class_id","value":"2"},{"attribute_code":"create_scarcity","value":"0"},{"attribute_code":"hide_product_infront","value":"0"},{"attribute_code":"show_in_feed","value":"1"},{"attribute_code":"base_category","value":"86"},{"attribute_code":"base_sub_category","value":"62"},{"attribute_code":"show_price_per_unit","value":"1"},{"attribute_code":"volume","value":"50"},{"attribute_code":"enable_fbt_popup","value":"1"},{"attribute_code":"enable_product_for_wa_commerce","value":"0"},{"attribute_code":"beetroot_moisturizer","value":"332"},{"attribute_code":"strikethrough","value":"1"},{"attribute_code":"short_description","value":"\u003cp\u003e\u003cspan style=\"font-weight: 400;\"\u003eBet you can’t \u003c/span\u003e\u003cem\u003e\u003cspan style=\"font-weight: 400;\"\u003e“beet”\u003c/span\u003e\u003c/em\u003e\u003cspan style=\"font-weight: 400;\"\u003e this! The natural goodness of Beetroot now in a moisturizer. Introducing Mamaearth Beetroot Hydraful Moisturizer that will give your skin a healthy pink glow and a boost of hydration. Enriched with glow-boosting Beetroot Extract and moisture-retaining Hyaluronic Acid, this moisturizer nourishes while adding a natural pink glow to your skin. \u003c/span\u003e\u003c/p\u003e\r\n\u003cp\u003e\u003cspan style=\"font-weight: 400;\"\u003eAnd we’ve not even reached the best part yet. The Beetroot Hydraful Moisturizer will give you 48-hour hydration* keeping your skin soft and supple from dawn to dusk.  The moisturizer has an oil-free formula with a gel-like texture, making it an all-season favorite. \u003c/span\u003e\u003c/p\u003e\r\n\u003cp\u003e\u003cspan style=\"font-weight: 400;\"\u003eOur moisturizer is Made Safe Certified, which means you won’t find any Silicones, Parabens, Mineral Oil in it.\u003c/span\u003e\u003c/p\u003e\r\n\u003cp\u003e\u003cspan style=\"font-weight: 400;\"\u003eDisclaimer: *Based on clinical studies of the ingredient Hydroviton® PLUS present in the product.\u003c/span\u003e\u003c/p\u003e"},{"attribute_code":"attribute_value_1","value":"\u003cdiv class=\"list-banner\"\u003e\u003cimg src=\"https://images.mamaearth.in/wysiwyg/beet_mtrizer_50gm.jpg\" alt=\"Mamaearth Beetroot\" /\u003e\r\n\u003cp style=\"text-align: center;\"\u003eMamaearth Beet Root\u003c/p\u003e\r\n\u003c/div\u003e"},{"attribute_code":"attribute_value_2","value":"\u003cdiv\u003e\r\n  \u003cul class=\"woodmart-list\"\u003e\r\n    \u003cli\u003e\r\n      \u003cdiv class=\"list-icon\"\u003e\r\n        \u003cimg\r\n          src=\"https://images.mamaearth.in/wysiwyg/beetrootmain.jpg\"\r\n          alt=\"Beetroot Extract\"\r\n        /\u003e\r\n      \u003c/div\u003e\r\n      \u003cspan class=\"list-content\" style=\"text-align: justify\"\r\n        \u003e\u003cstrong\u003eBeetroot Extract: \u003c/strong\u003eIt guards skin cells and gives a\r\n        healthy pink glow, naturally.\r\n      \u003c/span\u003e\r\n    \u003c/li\u003e\r\n    \u003cli\u003e\r\n      \u003cdiv class=\"list-icon\"\u003e\r\n        \u003cimg\r\n          src=\"https://images.mamaearth.in/wysiwyg/Hyaluronic-Acid.jpg\"\r\n          alt=\"Hyaluronic Acid\"\r\n        /\u003e\r\n      \u003c/div\u003e\r\n      \u003cspan class=\"list-content\" style=\"text-align: justify\"\r\n        \u003e\u003cstrong\u003eHyaluronic Acid : \u003c/strong\u003eIt helps hold moisture in your skin\r\n        and keeps it hydrated.\r\n      \u003c/span\u003e\r\n    \u003c/li\u003e\r\n    \u003cli\u003e\r\n      \u003cdiv class=\"list-icon\"\u003e\r\n        \u003cimg\r\n          src=\"https://images.mamaearth.in/wysiwyg/Niacinamide_bKBPt4Y.jpg\"\r\n          alt=\"Niacinamide\"\r\n        /\u003e\r\n      \u003c/div\u003e\r\n      \u003cspan class=\"list-content\" style=\"text-align: justify\"\r\n        \u003e\u003cstrong\u003eNiacinamide : \u003c/strong\u003eIt reduces dark spots, resulting in an\r\n        even skin tone with every wash.\r\n      \u003c/span\u003e\r\n    \u003c/li\u003e\r\n    \u003cli\u003e\r\n      \u003cdiv class=\"list-icon\"\u003e\r\n        \u003cimg\r\n          src=\"https://images.mamaearth.in/wysiwyg/Glycerin_geUYZOq.jpg\"\r\n          alt=\"Glycerin\"\r\n        /\u003e\r\n      \u003c/div\u003e\r\n      \u003cspan class=\"list-content\" style=\"text-align: justify\"\r\n        \u003e\u003cstrong\u003eGlycerin : \u003c/strong\u003eIt’s a powerful humectant that locks in\r\n        moisture and keeps skin dryness at bay.\r\n      \u003c/span\u003e\r\n    \u003c/li\u003e\r\n  \u003c/ul\u003e\r\n\u003c/div\u003e\r\n"},{"attribute_code":"attribute_value_3","value":"\u003cul\u003e\r\n\u003cli style=\"font-weight: 400;\" aria-level=\"1\"\u003e\u003cspan style=\"font-weight: 400;\"\u003eStep 1: Pump out an adequate amount.\u003c/span\u003e\u003c/li\u003e\r\n\u003cli style=\"font-weight: 400;\" aria-level=\"1\"\u003e\u003cspan style=\"font-weight: 400;\"\u003eStep 2: Apply evenly on your face \u0026amp; neck.\u003c/span\u003e\u003c/li\u003e\r\n\u003cli style=\"font-weight: 400;\" aria-level=\"1\"\u003e\u003cspan style=\"font-weight: 400;\"\u003eStep 3: Gently massage to absorb.\u003c/span\u003e\u003c/li\u003e\r\n\u003c/ul\u003e"},{"attribute_code":"attribute_value_4","value":"\u003cul\u003e\r\n\u003cli style=\"font-weight: 400;\" aria-level=\"1\"\u003e\u003cspan style=\"font-weight: 400;\"\u003eAnyone above the age of 18 years. \u003c/span\u003e\u003c/li\u003e\r\n\u003cli style=\"font-weight: 400;\" aria-level=\"1\"\u003e\u003cspan style=\"font-weight: 400;\"\u003eSuitable for all skin types.\u003c/span\u003e\u003c/li\u003e\r\n\u003c/ul\u003e"},{"attribute_code":"attribute_value_5","value":"\u003cul class=\"compare-list\"\u003e\r\n\u003cli\u003e\r\n\u003cdiv class=\"compare-img\"\u003e \u003c/div\u003e\r\n\u003cdiv class=\"compare-content\"\u003e\r\n\u003cul\u003e\r\n\u003cli style=\"font-weight: 400;\" aria-level=\"1\"\u003e\u003cspan style=\"font-weight: 400;\"\u003eGives A Healthy Pink Glow\u003c/span\u003e\u003c/li\u003e\r\n\u003cli style=\"font-weight: 400;\" aria-level=\"1\"\u003e\u003cspan style=\"font-weight: 400;\"\u003eGives 48-Hour Hydration* \u003c/span\u003e\u003c/li\u003e\r\n\u003cli style=\"font-weight: 400;\" aria-level=\"1\"\u003e\u003cspan style=\"font-weight: 400;\"\u003eOil-Free Formula\u003c/span\u003e\u003c/li\u003e\r\n\u003cli style=\"font-weight: 400;\" aria-level=\"1\"\u003e\u003cspan style=\"font-weight: 400;\"\u003eMade Safe Certified\u003c/span\u003e\u003c/li\u003e\r\n\u003cli style=\"font-weight: 400;\" aria-level=\"1\"\u003e\u003cspan style=\"font-weight: 400;\"\u003eSuitable For All Skin Types\u003c/span\u003e\u003c/li\u003e\r\n\u003cli style=\"font-weight: 400;\" aria-level=\"1\"\u003e\u003cspan style=\"font-weight: 400;\"\u003eDermatologically Tested\u003c/span\u003e\u003c/li\u003e\r\n\u003cli style=\"font-weight: 400;\" aria-level=\"1\"\u003e\u003cspan style=\"font-weight: 400;\"\u003eCruelty-Free\u003c/span\u003e\u003c/li\u003e\r\n\u003cli style=\"font-weight: 400;\" aria-level=\"1\"\u003e\u003cspan style=\"font-weight: 400;\"\u003eToxin-Free \u0026amp; No Harmful Chemicals\u003c/span\u003e\u003c/li\u003e\r\n\u003c/ul\u003e\r\n\u003c/div\u003e\r\n\u003c/li\u003e\r\n\u003cli\u003e\r\n\u003cdiv class=\"compare-img\"\u003e \u003c/div\u003e\r\n\u003cdiv class=\"compare-content\"\u003e\r\n\u003cul\u003e\r\n\u003cli style=\"font-weight: 400;\" aria-level=\"1\"\u003e\u003cspan style=\"font-weight: 400;\"\u003eDoesn’t Add Glow\u003c/span\u003e\u003c/li\u003e\r\n\u003cli style=\"font-weight: 400;\" aria-level=\"1\"\u003e\u003cspan style=\"font-weight: 400;\"\u003eDoesn’t Hydrate Skin\u003c/span\u003e\u003c/li\u003e\r\n\u003cli style=\"font-weight: 400;\" aria-level=\"1\"\u003e\u003cspan style=\"font-weight: 400;\"\u003eMakes Skin Greasy\u003c/span\u003e\u003c/li\u003e\r\n\u003cli style=\"font-weight: 400;\" aria-level=\"1\"\u003e\u003cspan style=\"font-weight: 400;\"\u003eNot Made Safe Certified \u003c/span\u003e\u003c/li\u003e\r\n\u003cli style=\"font-weight: 400;\" aria-level=\"1\"\u003e\u003cspan style=\"font-weight: 400;\"\u003eNot Suitable for All Skin Types\u003c/span\u003e\u003c/li\u003e\r\n\u003cli style=\"font-weight: 400;\" aria-level=\"1\"\u003e\u003cspan style=\"font-weight: 400;\"\u003eNot Dermatologically Tested\u003c/span\u003e\u003c/li\u003e\r\n\u003cli style=\"font-weight: 400;\" aria-level=\"1\"\u003e\u003cspan style=\"font-weight: 400;\"\u003eNot Cruelty-free\u003c/span\u003e\u003c/li\u003e\r\n\u003cli style=\"font-weight: 400;\" aria-level=\"1\"\u003e\u003cspan style=\"font-weight: 400;\"\u003eContains Harmful Chemicals\u003c/span\u003e\u003c/li\u003e\r\n\u003c/ul\u003e\r\n\u003c/div\u003e\r\n\u003c/li\u003e\r\n\u003c/ul\u003e"},{"attribute_code":"attribute_value_6","value":"\u003ctable\u003e\r\n\u003ctbody\u003e\r\n\u003ctr\u003e\r\n\u003ctd\u003e\r\n\u003cp\u003e\u003cstrong\u003eIngredient\u003c/strong\u003e\u003c/p\u003e\r\n\u003c/td\u003e\r\n\u003ctd\u003e\r\n\u003cp\u003e\u003cstrong\u003eType\u003c/strong\u003e\u003c/p\u003e\r\n\u003c/td\u003e\r\n\u003ctd\u003e\r\n\u003cp\u003e\u003cstrong\u003eWhere Is It From\u003c/strong\u003e\u003c/p\u003e\r\n\u003c/td\u003e\r\n\u003ctd\u003e\r\n\u003cp\u003e\u003cstrong\u003eHow It Helps\u003c/strong\u003e\u003c/p\u003e\r\n\u003c/td\u003e\r\n\u003c/tr\u003e\r\n\u003ctr\u003e\r\n\u003ctd\u003e\r\n\u003cp\u003e\u003cspan style=\"font-weight: 400;\"\u003eAqua\u003c/span\u003e\u003c/p\u003e\r\n\u003c/td\u003e\r\n\u003ctd\u003e\r\n\u003cp\u003e\u003cspan style=\"font-weight: 400;\"\u003eNatural\u003c/span\u003e\u003c/p\u003e\r\n\u003c/td\u003e\r\n\u003ctd\u003e\r\n\u003cp\u003e\u003cspan style=\"font-weight: 400;\"\u003eWater\u003c/span\u003e\u003c/p\u003e\r\n\u003c/td\u003e\r\n\u003ctd\u003e\r\n\u003cp\u003e\u003cspan style=\"font-weight: 400;\"\u003eDiluent\u003c/span\u003e\u003c/p\u003e\r\n\u003c/td\u003e\r\n\u003c/tr\u003e\r\n\u003ctr\u003e\r\n\u003ctd\u003e\r\n\u003cp\u003e\u003cspan style=\"font-weight: 400;\"\u003eGlycerin\u003c/span\u003e\u003c/p\u003e\r\n\u003c/td\u003e\r\n\u003ctd\u003e\r\n\u003cp\u003e\u003cspan style=\"font-weight: 400;\"\u003eNatural\u003c/span\u003e\u003c/p\u003e\r\n\u003c/td\u003e\r\n\u003ctd\u003e\r\n\u003cp\u003e\u003cspan style=\"font-weight: 400;\"\u003ePlant-Based\u003c/span\u003e\u003c/p\u003e\r\n\u003c/td\u003e\r\n\u003ctd\u003e\r\n\u003cp\u003e\u003cspan style=\"font-weight: 400;\"\u003eHumectant\u003c/span\u003e\u003c/p\u003e\r\n\u003c/td\u003e\r\n\u003c/tr\u003e\r\n\u003ctr\u003e\r\n\u003ctd\u003e\r\n\u003cp\u003e\u003cspan style=\"font-weight: 400;\"\u003ePropylheptyl Caprylate\u003c/span\u003e\u003c/p\u003e\r\n\u003c/td\u003e\r\n\u003ctd\u003e\r\n\u003cp\u003e\u003cspan style=\"font-weight: 400;\"\u003eNatural\u003c/span\u003e\u003c/p\u003e\r\n\u003c/td\u003e\r\n\u003ctd\u003e\r\n\u003cp\u003e\u003cspan style=\"font-weight: 400;\"\u003ePlant-Based\u003c/span\u003e\u003c/p\u003e\r\n\u003c/td\u003e\r\n\u003ctd\u003e\r\n\u003cp\u003e\u003cspan style=\"font-weight: 400;\"\u003eEmollient\u003c/span\u003e\u003c/p\u003e\r\n\u003c/td\u003e\r\n\u003c/tr\u003e\r\n\u003ctr\u003e\r\n\u003ctd\u003e\r\n\u003cp\u003e\u003cspan style=\"font-weight: 400;\"\u003ePropanediol\u003c/span\u003e\u003c/p\u003e\r\n\u003c/td\u003e\r\n\u003ctd\u003e\r\n\u003cp\u003e\u003cspan style=\"font-weight: 400;\"\u003eNatural\u003c/span\u003e\u003c/p\u003e\r\n\u003c/td\u003e\r\n\u003ctd\u003e\r\n\u003cp\u003e\u003cspan style=\"font-weight: 400;\"\u003ePlant-Based\u003c/span\u003e\u003c/p\u003e\r\n\u003c/td\u003e\r\n\u003ctd\u003e\r\n\u003cp\u003e\u003cspan style=\"font-weight: 400;\"\u003eHumectant\u003c/span\u003e\u003c/p\u003e\r\n\u003c/td\u003e\r\n\u003c/tr\u003e\r\n\u003ctr\u003e\r\n\u003ctd\u003e\r\n\u003cp\u003e\u003cspan style=\"font-weight: 400;\"\u003eNiacinamide\u003c/span\u003e\u003c/p\u003e\r\n\u003c/td\u003e\r\n\u003ctd\u003e\r\n\u003cp\u003e\u003cspan style=\"font-weight: 400;\"\u003eNatural\u003c/span\u003e\u003c/p\u003e\r\n\u003c/td\u003e\r\n\u003ctd\u003e\r\n\u003cp\u003e\u003cspan style=\"font-weight: 400;\"\u003eYeast\u003c/span\u003e\u003c/p\u003e\r\n\u003c/td\u003e\r\n\u003ctd\u003e\r\n\u003cp\u003e\u003cspan style=\"font-weight: 400;\"\u003eSkin-Restoring\u003c/span\u003e\u003c/p\u003e\r\n\u003c/td\u003e\r\n\u003c/tr\u003e\r\n\u003ctr\u003e\r\n\u003ctd\u003e\r\n\u003cp\u003e\u003cspan style=\"font-weight: 400;\"\u003eC13-15 Alkane\u003c/span\u003e\u003c/p\u003e\r\n\u003c/td\u003e\r\n\u003ctd\u003e\r\n\u003cp\u003e\u003cspan style=\"font-weight: 400;\"\u003eSynthetic\u003c/span\u003e\u003c/p\u003e\r\n\u003c/td\u003e\r\n\u003ctd\u003e\r\n\u003cp\u003e\u003cspan style=\"font-weight: 400;\"\u003eLab Synthesized\u003c/span\u003e\u003c/p\u003e\r\n\u003c/td\u003e\r\n\u003ctd\u003e\r\n\u003cp\u003e\u003cspan style=\"font-weight: 400;\"\u003eSolvent\u003c/span\u003e\u003c/p\u003e\r\n\u003c/td\u003e\r\n\u003c/tr\u003e\r\n\u003ctr\u003e\r\n\u003ctd\u003e\r\n\u003cp\u003e\u003cspan style=\"font-weight: 400;\"\u003e Dicaprylyl Carbonate\u003c/span\u003e\u003c/p\u003e\r\n\u003c/td\u003e\r\n\u003ctd\u003e\r\n\u003cp\u003e\u003cspan style=\"font-weight: 400;\"\u003eSynthetic\u003c/span\u003e\u003c/p\u003e\r\n\u003c/td\u003e\r\n\u003ctd\u003e\r\n\u003cp\u003e\u003cspan style=\"font-weight: 400;\"\u003eLab Synthesized\u003c/span\u003e\u003c/p\u003e\r\n\u003c/td\u003e\r\n\u003ctd\u003e\r\n\u003cp\u003e\u003cspan style=\"font-weight: 400;\"\u003eMoisturizer\u003c/span\u003e\u003c/p\u003e\r\n\u003c/td\u003e\r\n\u003c/tr\u003e\r\n\u003ctr\u003e\r\n\u003ctd\u003e\r\n\u003cp\u003e\u003cspan style=\"font-weight: 400;\"\u003ePolyacrylate Crosspolymer-11\u003c/span\u003e\u003c/p\u003e\r\n\u003c/td\u003e\r\n\u003ctd\u003e\r\n\u003cp\u003e\u003cspan style=\"font-weight: 400;\"\u003eSynthetic\u003c/span\u003e\u003c/p\u003e\r\n\u003c/td\u003e\r\n\u003ctd\u003e\r\n\u003cp\u003e\u003cspan style=\"font-weight: 400;\"\u003eLab Synthesized\u003c/span\u003e\u003c/p\u003e\r\n\u003c/td\u003e\r\n\u003ctd\u003e\r\n\u003cp\u003e\u003cspan style=\"font-weight: 400;\"\u003eTexture Improving Agent\u003c/span\u003e\u003c/p\u003e\r\n\u003c/td\u003e\r\n\u003c/tr\u003e\r\n\u003ctr\u003e\r\n\u003ctd\u003e\r\n\u003cp\u003e\u003cspan style=\"font-weight: 400;\"\u003eIsononyl Isononanoate\u003c/span\u003e\u003c/p\u003e\r\n\u003c/td\u003e\r\n\u003ctd\u003e\u003cbr /\u003e\r\n\u003cp\u003e\u003cspan style=\"font-weight: 400;\"\u003eNatural\u003c/span\u003e\u003c/p\u003e\r\n\u003c/td\u003e\r\n\u003ctd\u003e\u003cbr /\u003e\r\n\u003cp\u003e\u003cspan style=\"font-weight: 400;\"\u003ePlant-Based\u003c/span\u003e\u003c/p\u003e\r\n\u003c/td\u003e\r\n\u003ctd\u003e\u003cbr /\u003e\r\n\u003cp\u003e\u003cspan style=\"font-weight: 400;\"\u003eEmollient\u003c/span\u003e\u003c/p\u003e\r\n\u003c/td\u003e\r\n\u003c/tr\u003e\r\n\u003ctr\u003e\r\n\u003ctd\u003e\r\n\u003cp\u003e\u003cspan style=\"font-weight: 400;\"\u003eAmmonium Acryloyldimethyltaurate\u003c/span\u003e\u003c/p\u003e\r\n\u003c/td\u003e\r\n\u003ctd\u003e\r\n\u003cp\u003e\u003cspan style=\"font-weight: 400;\"\u003eSynthetic\u003c/span\u003e\u003c/p\u003e\r\n\u003c/td\u003e\r\n\u003ctd\u003e\r\n\u003cp\u003e\u003cspan style=\"font-weight: 400;\"\u003eLab Synthesized\u003c/span\u003e\u003c/p\u003e\r\n\u003c/td\u003e\r\n\u003ctd\u003e\r\n\u003cp\u003e\u003cspan style=\"font-weight: 400;\"\u003eTexturizer\u003c/span\u003e\u003c/p\u003e\r\n\u003c/td\u003e\r\n\u003c/tr\u003e\r\n\u003ctr\u003e\r\n\u003ctd\u003e\r\n\u003cp\u003e\u003cspan style=\"font-weight: 400;\"\u003ePhenoxyethanol\u003c/span\u003e\u003c/p\u003e\r\n\u003c/td\u003e\r\n\u003ctd\u003e\r\n\u003cp\u003e\u003cspan style=\"font-weight: 400;\"\u003eNatural\u003c/span\u003e\u003c/p\u003e\r\n\u003c/td\u003e\r\n\u003ctd\u003e\r\n\u003cp\u003e\u003cspan style=\"font-weight: 400;\"\u003ePlant-Based\u003c/span\u003e\u003c/p\u003e\r\n\u003c/td\u003e\r\n\u003ctd\u003e\r\n\u003cp\u003e\u003cspan style=\"font-weight: 400;\"\u003eNatural Preservative\u003c/span\u003e\u003c/p\u003e\r\n\u003c/td\u003e\r\n\u003c/tr\u003e\r\n\u003ctr\u003e\r\n\u003ctd\u003e\r\n\u003cp\u003e\u003cspan style=\"font-weight: 400;\"\u003eEthylhexylglycerin\u003c/span\u003e\u003c/p\u003e\r\n\u003c/td\u003e\r\n\u003ctd\u003e\r\n\u003cp\u003e\u003cspan style=\"font-weight: 400;\"\u003eNatural\u003c/span\u003e\u003c/p\u003e\r\n\u003c/td\u003e\r\n\u003ctd\u003e\r\n\u003cp\u003e\u003cspan style=\"font-weight: 400;\"\u003ePlant-Based\u003c/span\u003e\u003c/p\u003e\r\n\u003c/td\u003e\r\n\u003ctd\u003e\r\n\u003cp\u003e\u003cspan style=\"font-weight: 400;\"\u003eSkin-Softening Agent\u003c/span\u003e\u003c/p\u003e\r\n\u003c/td\u003e\r\n\u003c/tr\u003e\r\n\u003ctr\u003e\r\n\u003ctd\u003e\r\n\u003cp\u003e\u003cspan style=\"font-weight: 400;\"\u003eAllantoin\u003c/span\u003e\u003c/p\u003e\r\n\u003c/td\u003e\r\n\u003ctd\u003e\r\n\u003cp\u003e\u003cspan style=\"font-weight: 400;\"\u003eSynthetic\u003c/span\u003e\u003c/p\u003e\r\n\u003c/td\u003e\r\n\u003ctd\u003e\r\n\u003cp\u003e\u003cspan style=\"font-weight: 400;\"\u003eLab-Synthesized\u003c/span\u003e\u003c/p\u003e\r\n\u003c/td\u003e\r\n\u003ctd\u003e\r\n\u003cp\u003e\u003cspan style=\"font-weight: 400;\"\u003eMoisturizer\u003c/span\u003e\u003c/p\u003e\r\n\u003c/td\u003e\r\n\u003c/tr\u003e\r\n\u003ctr\u003e\r\n\u003ctd\u003e\r\n\u003cp\u003e\u003cspan style=\"font-weight: 400;\"\u003ePentylene Glycol\u003c/span\u003e\u003c/p\u003e\r\n\u003c/td\u003e\r\n\u003ctd\u003e\r\n\u003cp\u003e\u003cspan style=\"font-weight: 400;\"\u003eSynthetic\u003c/span\u003e\u003c/p\u003e\r\n\u003c/td\u003e\r\n\u003ctd\u003e\r\n\u003cp\u003e\u003cspan style=\"font-weight: 400;\"\u003eLab-Synthesized\u003c/span\u003e\u003c/p\u003e\r\n\u003c/td\u003e\r\n\u003ctd\u003e\r\n\u003cp\u003e\u003cspan style=\"font-weight: 400;\"\u003eHumectant\u003c/span\u003e\u003c/p\u003e\r\n\u003c/td\u003e\r\n\u003c/tr\u003e\r\n\u003ctr\u003e\r\n\u003ctd\u003e\r\n\u003cp\u003e\u003cspan style=\"font-weight: 400;\"\u003eFructose Urea\u003c/span\u003e\u003c/p\u003e\r\n\u003c/td\u003e\r\n\u003ctd\u003e\r\n\u003cp\u003e\u003cspan style=\"font-weight: 400;\"\u003eSynthetic\u003c/span\u003e\u003c/p\u003e\r\n\u003c/td\u003e\r\n\u003ctd\u003e\r\n\u003cp\u003e\u003cspan style=\"font-weight: 400;\"\u003eLab-Synthesized\u003c/span\u003e\u003c/p\u003e\r\n\u003c/td\u003e\r\n\u003ctd\u003e\r\n\u003cp\u003e\u003cspan style=\"font-weight: 400;\"\u003eHumectant\u003c/span\u003e\u003c/p\u003e\r\n\u003c/td\u003e\r\n\u003c/tr\u003e\r\n\u003ctr\u003e\r\n\u003ctd\u003e\r\n\u003cp\u003e\u003cspan style=\"font-weight: 400;\"\u003eMaltose\u003c/span\u003e\u003c/p\u003e\r\n\u003c/td\u003e\r\n\u003ctd\u003e\r\n\u003cp\u003e\u003cspan style=\"font-weight: 400;\"\u003eNatural\u003c/span\u003e\u003c/p\u003e\r\n\u003c/td\u003e\r\n\u003ctd\u003e\r\n\u003cp\u003e\u003cspan style=\"font-weight: 400;\"\u003ePlant-Based\u003c/span\u003e\u003c/p\u003e\r\n\u003c/td\u003e\r\n\u003ctd\u003e\r\n\u003cp\u003e\u003cspan style=\"font-weight: 400;\"\u003eMoisturizing Agent\u003c/span\u003e\u003c/p\u003e\r\n\u003c/td\u003e\r\n\u003c/tr\u003e\r\n\u003ctr\u003e\r\n\u003ctd\u003e\r\n\u003cp\u003e\u003cspan style=\"font-weight: 400;\"\u003eSodium PCA\u003c/span\u003e\u003c/p\u003e\r\n\u003c/td\u003e\r\n\u003ctd\u003e\r\n\u003cp\u003e\u003cspan style=\"font-weight: 400;\"\u003eNatural\u003c/span\u003e\u003c/p\u003e\r\n\u003c/td\u003e\r\n\u003ctd\u003e\u003cbr /\u003e\r\n\u003cp\u003e\u003cspan style=\"font-weight: 400;\"\u003eGlutamic Acid\u003c/span\u003e\u003c/p\u003e\r\n\u003c/td\u003e\r\n\u003ctd\u003e\u003cbr /\u003e\r\n\u003cp\u003e\u003cspan style=\"font-weight: 400;\"\u003eSkin Conditioning Agent\u003c/span\u003e\u003c/p\u003e\r\n\u003c/td\u003e\r\n\u003c/tr\u003e\r\n\u003ctr\u003e\r\n\u003ctd\u003e\r\n\u003cp\u003e\u003cspan style=\"font-weight: 400;\"\u003eSodium Chloride\u003c/span\u003e\u003c/p\u003e\r\n\u003c/td\u003e\r\n\u003ctd\u003e\r\n\u003cp\u003e\u003cspan style=\"font-weight: 400;\"\u003eNatural\u003c/span\u003e\u003c/p\u003e\r\n\u003c/td\u003e\r\n\u003ctd\u003e\r\n\u003cp\u003e\u003cspan style=\"font-weight: 400;\"\u003ePlant-Based\u003c/span\u003e\u003c/p\u003e\r\n\u003c/td\u003e\r\n\u003ctd\u003e\r\n\u003cp\u003e\u003cspan style=\"font-weight: 400;\"\u003eThickening Agent\u003c/span\u003e\u003c/p\u003e\r\n\u003c/td\u003e\r\n\u003c/tr\u003e\r\n\u003ctr\u003e\r\n\u003ctd\u003e\r\n\u003cp\u003e\u003cspan style=\"font-weight: 400;\"\u003eSodium Lactate\u003c/span\u003e\u003c/p\u003e\r\n\u003c/td\u003e\r\n\u003ctd\u003e\r\n\u003cp\u003e\u003cspan style=\"font-weight: 400;\"\u003eNatural\u003c/span\u003e\u003c/p\u003e\r\n\u003c/td\u003e\r\n\u003ctd\u003e\r\n\u003cp\u003e\u003cspan style=\"font-weight: 400;\"\u003ePlant-Based\u003c/span\u003e\u003c/p\u003e\r\n\u003c/td\u003e\r\n\u003ctd\u003e\r\n\u003cp\u003e\u003cspan style=\"font-weight: 400;\"\u003eHumectant\u003c/span\u003e\u003c/p\u003e\r\n\u003c/td\u003e\r\n\u003c/tr\u003e\r\n\u003ctr\u003e\r\n\u003ctd\u003e\r\n\u003cp\u003e\u003cspan style=\"font-weight: 400;\"\u003eTrehalose\u003c/span\u003e\u003c/p\u003e\r\n\u003c/td\u003e\r\n\u003ctd\u003e\r\n\u003cp\u003e\u003cspan style=\"font-weight: 400;\"\u003eNatural\u003c/span\u003e\u003c/p\u003e\r\n\u003c/td\u003e\r\n\u003ctd\u003e\r\n\u003cp\u003e\u003cspan style=\"font-weight: 400;\"\u003ePlant-Based\u003c/span\u003e\u003c/p\u003e\r\n\u003c/td\u003e\r\n\u003ctd\u003e\r\n\u003cp\u003e\u003cspan style=\"font-weight: 400;\"\u003eHydrating Agent\u003c/span\u003e\u003c/p\u003e\r\n\u003c/td\u003e\r\n\u003c/tr\u003e\r\n\u003ctr\u003e\r\n\u003ctd\u003e\r\n\u003cp\u003e\u003cspan style=\"font-weight: 400;\"\u003eSodium\u003c/span\u003e\u003c/p\u003e\r\n\u003cp\u003e\u003cspan style=\"font-weight: 400;\"\u003eHyaluronate (Hyaluronic Acid)\u003c/span\u003e\u003c/p\u003e\r\n\u003c/td\u003e\r\n\u003ctd\u003e\r\n\u003cp\u003e\u003cspan style=\"font-weight: 400;\"\u003eNatural\u003c/span\u003e\u003c/p\u003e\r\n\u003c/td\u003e\r\n\u003ctd\u003e\r\n\u003cp\u003e\u003cspan style=\"font-weight: 400;\"\u003ePlant-Based\u003c/span\u003e\u003c/p\u003e\r\n\u003c/td\u003e\r\n\u003ctd\u003e\r\n\u003cp\u003e\u003cspan style=\"font-weight: 400;\"\u003eHydrating Agent\u003c/span\u003e\u003c/p\u003e\r\n\u003c/td\u003e\r\n\u003c/tr\u003e\r\n\u003ctr\u003e\r\n\u003ctd\u003e\r\n\u003cp\u003e\u003cspan style=\"font-weight: 400;\"\u003eGlucose\u003c/span\u003e\u003c/p\u003e\r\n\u003cp\u003e\u003cspan style=\"font-weight: 400;\"\u003e(Hydroviton® PLUS)\u003c/span\u003e\u003c/p\u003e\r\n\u003c/td\u003e\r\n\u003ctd\u003e\r\n\u003cp\u003e\u003cspan style=\"font-weight: 400;\"\u003eNatural \u003c/span\u003e\u003c/p\u003e\r\n\u003c/td\u003e\r\n\u003ctd\u003e\r\n\u003cp\u003e\u003cspan style=\"font-weight: 400;\"\u003ePlant-Based\u003c/span\u003e\u003c/p\u003e\r\n\u003c/td\u003e\r\n\u003ctd\u003e\r\n\u003cp\u003e\u003cspan style=\"font-weight: 400;\"\u003eHumectant\u003c/span\u003e\u003c/p\u003e\r\n\u003c/td\u003e\r\n\u003c/tr\u003e\r\n\u003ctr\u003e\r\n\u003ctd\u003e\r\n\u003cp\u003e\u003cspan style=\"font-weight: 400;\"\u003eSodium Gluconate\u003c/span\u003e\u003c/p\u003e\r\n\u003c/td\u003e\r\n\u003ctd\u003e\r\n\u003cp\u003e\u003cspan style=\"font-weight: 400;\"\u003eNatural \u003c/span\u003e\u003c/p\u003e\r\n\u003c/td\u003e\r\n\u003ctd\u003e\r\n\u003cp\u003e\u003cspan style=\"font-weight: 400;\"\u003ePlant-Based\u003c/span\u003e\u003c/p\u003e\r\n\u003c/td\u003e\r\n\u003ctd\u003e\r\n\u003cp\u003e\u003cspan style=\"font-weight: 400;\"\u003eChelating Agent\u003c/span\u003e\u003c/p\u003e\r\n\u003c/td\u003e\r\n\u003c/tr\u003e\r\n\u003ctr\u003e\r\n\u003ctd\u003e\r\n\u003cp\u003e\u003cspan style=\"font-weight: 400;\"\u003eBetaine\u003c/span\u003e\u003c/p\u003e\r\n\u003c/td\u003e\r\n\u003ctd\u003e\r\n\u003cp\u003e\u003cspan style=\"font-weight: 400;\"\u003eNatural\u003c/span\u003e\u003c/p\u003e\r\n\u003c/td\u003e\r\n\u003ctd\u003e\r\n\u003cp\u003e\u003cspan style=\"font-weight: 400;\"\u003ePlant-Based\u003c/span\u003e\u003c/p\u003e\r\n\u003c/td\u003e\r\n\u003ctd\u003e\r\n\u003cp\u003e\u003cspan style=\"font-weight: 400;\"\u003eHumectant\u003c/span\u003e\u003c/p\u003e\r\n\u003c/td\u003e\r\n\u003c/tr\u003e\r\n\u003ctr\u003e\r\n\u003ctd\u003e\r\n\u003cp\u003e\u003cspan style=\"font-weight: 400;\"\u003eFructooligosaccharides\u003c/span\u003e\u003c/p\u003e\r\n\u003c/td\u003e\r\n\u003ctd\u003e\r\n\u003cp\u003e\u003cspan style=\"font-weight: 400;\"\u003eNatural\u003c/span\u003e\u003c/p\u003e\r\n\u003c/td\u003e\r\n\u003ctd\u003e\r\n\u003cp\u003e\u003cspan style=\"font-weight: 400;\"\u003ePlant-Based\u003c/span\u003e\u003c/p\u003e\r\n\u003c/td\u003e\r\n\u003ctd\u003e\r\n\u003cp\u003e\u003cspan style=\"font-weight: 400;\"\u003eSkin Conditioning Agent\u003c/span\u003e\u003c/p\u003e\r\n\u003c/td\u003e\r\n\u003c/tr\u003e\r\n\u003ctr\u003e\r\n\u003ctd\u003e\r\n\u003cp\u003e\u003cspan style=\"font-weight: 400;\"\u003eBeta Vulgaris (Beetroot) Extract\u003c/span\u003e\u003c/p\u003e\r\n\u003c/td\u003e\r\n\u003ctd\u003e\r\n\u003cp\u003e\u003cspan style=\"font-weight: 400;\"\u003eNatural\u003c/span\u003e\u003c/p\u003e\r\n\u003c/td\u003e\r\n\u003ctd\u003e\r\n\u003cp\u003e\u003cspan style=\"font-weight: 400;\"\u003ePlant-Based\u003c/span\u003e\u003c/p\u003e\r\n\u003c/td\u003e\r\n\u003ctd\u003e\r\n\u003cp\u003eAntioxidant\u003c/p\u003e\r\n\u003c/td\u003e\r\n\u003c/tr\u003e\r\n\u003ctr\u003e\r\n\u003ctd\u003e\u003cbr /\u003e\r\n\u003cp\u003e\u003cspan style=\"font-weight: 400;\"\u003eCitric Acid\u003c/span\u003e\u003c/p\u003e\r\n\u003c/td\u003e\r\n\u003ctd\u003e\u003cbr /\u003e\r\n\u003cp\u003e\u003cspan style=\"font-weight: 400;\"\u003eNatural\u003c/span\u003e\u003c/p\u003e\r\n\u003c/td\u003e\r\n\u003ctd\u003e\u003cbr /\u003e\r\n\u003cp\u003e\u003cspan style=\"font-weight: 400;\"\u003eCitrus Fruits\u003c/span\u003e\u003c/p\u003e\r\n\u003c/td\u003e\r\n\u003ctd\u003e\u003cbr /\u003e\r\n\u003cp\u003e\u003cspan style=\"font-weight: 400;\"\u003eExfoliant\u003c/span\u003e\u003c/p\u003e\r\n\u003c/td\u003e\r\n\u003c/tr\u003e\r\n\u003ctr\u003e\r\n\u003ctd\u003e\r\n\u003cp\u003e\u003cspan style=\"font-weight: 400;\"\u003eSodium Hydroxide\u003c/span\u003e\u003c/p\u003e\r\n\u003c/td\u003e\r\n\u003ctd\u003e\r\n\u003cp\u003e\u003cspan style=\"font-weight: 400;\"\u003eSynthetic\u003c/span\u003e\u003c/p\u003e\r\n\u003c/td\u003e\r\n\u003ctd\u003e\r\n\u003cp\u003e\u003cspan style=\"font-weight: 400;\"\u003eLab Synthesized\u003c/span\u003e\u003c/p\u003e\r\n\u003c/td\u003e\r\n\u003ctd\u003e\r\n\u003cp\u003e\u003cspan style=\"font-weight: 400;\"\u003epH Adjuster\u003c/span\u003e\u003c/p\u003e\r\n\u003c/td\u003e\r\n\u003c/tr\u003e\r\n\u003ctr\u003e\r\n\u003ctd\u003e\r\n\u003cp\u003e\u003cspan style=\"font-weight: 400;\"\u003eFood Grade\u003c/span\u003e\u003c/p\u003e\r\n\u003cp\u003e\u003cspan style=\"font-weight: 400;\"\u003eColors (CI 16185, CI 19140)\u003c/span\u003e\u003c/p\u003e\r\n\u003c/td\u003e\r\n\u003ctd\u003e\r\n\u003cp\u003e\u003cspan style=\"font-weight: 400;\"\u003eSynthetic\u003c/span\u003e\u003c/p\u003e\r\n\u003c/td\u003e\r\n\u003ctd\u003e\r\n\u003cp\u003e\u003cspan style=\"font-weight: 400;\"\u003eLab-Synthesized\u003c/span\u003e\u003c/p\u003e\r\n\u003c/td\u003e\r\n\u003ctd\u003e\r\n\u003cp\u003e\u003cspan style=\"font-weight: 400;\"\u003ePigment\u003c/span\u003e\u003c/p\u003e\r\n\u003c/td\u003e\r\n\u003c/tr\u003e\r\n\u003ctr\u003e\r\n\u003ctd\u003e\r\n\u003cp\u003e\u003cspan style=\"font-weight: 400;\"\u003eIFRA Certified\u003c/span\u003e\u003c/p\u003e\r\n\u003cp\u003e\u003cspan style=\"font-weight: 400;\"\u003eAllergen Free Fragrance\u003c/span\u003e\u003c/p\u003e\r\n\u003c/td\u003e\r\n\u003ctd\u003e\r\n\u003cp\u003e\u003cspan style=\"font-weight: 400;\"\u003eSynthetic\u003c/span\u003e\u003c/p\u003e\r\n\u003c/td\u003e\r\n\u003ctd\u003e\r\n\u003cp\u003e\u003cspan style=\"font-weight: 400;\"\u003eLab-Synthesized\u003c/span\u003e\u003c/p\u003e\r\n\u003c/td\u003e\r\n\u003ctd\u003e\r\n\u003cp\u003e\u003cspan style=\"font-weight: 400;\"\u003eFragrance\u003c/span\u003e\u003c/p\u003e\r\n\u003c/td\u003e\r\n\u003c/tr\u003e\r\n\u003c/tbody\u003e\r\n\u003c/table\u003e"},{"attribute_code":"attribute_value_7","value":"\u003cdiv id=\"faqs\"\u003e\r\n\u003cp\u003eCan I Use The Moisturizer On Oily Skin?\u003c/p\u003e\r\n\u003cp\u003eAbsolutely! Our Beetroot Hydraful Moisturizer has an oil-free formula, which is suitable for all skin types.\u003c/p\u003e\r\n\u003cp\u003eHow Often Should I Apply This Moisturizer?\u003c/p\u003e\r\n\u003cp\u003eFor best results, use it twice a day — morning and night.\u003c/p\u003e\r\n\u003cp\u003eHow Does This Moisturizer Make Skin Glow?\u003c/p\u003e\r\n\u003cp\u003eCrafted with Beetroot and Hyaluronic Acid, it provides long-lasting hydration for a radiant and healthy pink glow.\u003c/p\u003e\r\n\u003cp\u003eCan I Apply Makeup Over The Moisturizer?\u003c/p\u003e\r\n\u003cp\u003eYes, its water-light gel cream texture makes it an ideal base for makeup.\u003c/p\u003e\r\n\u003cp\u003eIs The Beetroot Moisturizer Suitable For All Seasons?\u003c/p\u003e\r\n\u003cp\u003eAbsolutely! It keeps your skin soft and supple in every season.\u003c/p\u003e\r\n\u003c/div\u003e"},{"attribute_code":"meta_keyword","value":" Beetroot Hydraful Moisturizer With Beetroot \u0026 Hyaluronic Acid - 50 ml"},{"attribute_code":"special_price","value":null},{"attribute_code":"special_from_date","value":"2024-05-10 07:39:00"}],"hide_in_front":0,"image":"/1/-/1-with-ingredients_4.jpg","imageAltTags":[],"is_in_stock":true,"name":" Beetroot Hydraful Moisturizer With Beetroot \u0026 Hyaluronic Acid - 50 ml","position":"3","price":"349.00","product_card_tags":"For A Healthy Pink Glow | 48-Hour Hydration*","review_count":99,"sku":"8904417312133","special_price":"","special_price_from_date":{"date":"2024-05-10 13:09:00","timezone_type":3,"timezone":"Asia/Kolkata"},"tags":"trending","url_key":"beetroot-hydraful-hyaluronic-acid-face-moisturizer-50ml","configurable_option":{"attribute_id":295,"option_id":332,"attribute_label":"Beetroot_Moisturizer","title":"50 ml","swatch_data":{"swatch_id":472,"option_id":332,"store_id":1,"type":0,"value":"50 ml"}},"siblings":[{"id":1210,"sku":"8904417313901","name":" Beetroot Hydraful Moisturizer With Beetroot \u0026 Hyaluronic Acid - 50 ml (Pack of 2)","url_key":"beetroot-hydraful-hyaluronic-acid-face-moisturizer-50ml-pack-of-2","price":"698.00","is_in_stock":true,"custom_attributes":[{"attribute_code":"saving_scheme","value":"price_per_100_ml"},{"attribute_code":"volume","value":"100"}],"special_price":"628.00","parent_id":1246,"attribute_id":295,"option_id":333,"parent_sku":"9937483736","attribute_label":"Beetroot_Moisturizer","title":"50 ml (Pack of 2)","swatch_data":{"swatch_id":474,"option_id":333,"store_id":1,"type":0,"value":"50 ml (Pack of 2)"},"special_from_date":{"date":"2025-05-24 00:01:00","timezone_type":3,"timezone":"Asia/Kolkata"}}],"product_subtitle_keys":["Buy 1 Get 1 FREE"," Moisturizer"," Beetroot"],"size":"50ml","unitPrice":"6.98/ml","old_productid":"1142","generic_name":null},{"id":778,"tier_prices":[],"avg_rating_percent":98,"categories":[2,18,21,23,24,74,143,144,145,218,253,337,400,427,419,53,376],"configurable_option":{"attribute_id":246,"option_id":172,"attribute_label":"Vitamin c daily glow cream","title":"10ml","swatch_data":{"swatch_id":185,"option_id":172,"store_id":1,"type":0,"value":"10ml"}},"created_at":"2023-01-19 06:50:17","custom_attributes":[{"attribute_code":"manufacturer","value":"Bio Avenues (An ISO 9001:2015 Certified Co.) D- 29, Industrial Focal Point, Derabassi (PB.) - 140507, INDIA"},{"attribute_code":"meta_title","value":"Buy1 Get1 Free on Vitamin C Daily Glow Face Serum -10ml"},{"attribute_code":"meta_description","value":"Buy Vitamin C Daily Glow Face Serum. Mamaearth Vitamin C Serum available at buy get1 free offer. Hurry \u0026 Shop now"},{"attribute_code":"image","value":"/v/i/vitamin-c-glow-serum_1_1_1.jpg"},{"attribute_code":"small_image","value":"/v/i/vitamin-c-glow-serum_1_1_1.jpg"},{"attribute_code":"thumbnail","value":"/v/i/vitamin-c-glow-serum_1_1_1.jpg"},{"attribute_code":"options_container","value":"container2"},{"attribute_code":"country_of_manufacture","value":"IN"},{"attribute_code":"url_key","value":"vitamin-c-daily-glow-face-serum-10-ml"},{"attribute_code":"msrp_display_actual_price_type","value":"0"},{"attribute_code":"gift_message_available","value":"0"},{"attribute_code":"swatch_image","value":"/v/i/vitamin-c-glow-serum_1_1_1.jpg"},{"attribute_code":"attribute_label_1","value":"Results of Vitamin C Daily Glow Face Serum"},{"attribute_code":"attribute_label_2","value":"Key Ingredients"},{"attribute_code":"attribute_label_3","value":"How to Use"},{"attribute_code":"attribute_label_4","value":"Who can Use"},{"attribute_code":"attribute_label_5","value":"Why Mamaearth"},{"attribute_code":"attribute_label_6","value":"Ingredient List"},{"attribute_code":"attribute_label_7","value":"FAQS"},{"attribute_code":"best_before","value":"24 Months"},{"attribute_code":"dimensions","value":"10 * 5 * 5 cm"},{"attribute_code":"mrp","value":"225"},{"attribute_code":"old_productid","value":"866"},{"attribute_code":"weight_when_packed","value":"0.500"},{"attribute_code":"tags","value":"trending"},{"attribute_code":"marketed_by","value":"Honasa Consumer Limited, 10th and 11th Floor, Capital Cyberscape, Sector 59, Gurugram, Haryana, 122101"},{"attribute_code":"live_url","value":"https://mamaearth.in/product/vitamin-c-daily-glow-face-serum-10-ml"},{"attribute_code":"license_no","value":"143-Cos.-Pb."},{"attribute_code":"length","value":"10"},{"attribute_code":"google_category","value":"2915"},{"attribute_code":"cms_sequence","value":"1,2,3,4,5,6,7,8"},{"attribute_code":"width","value":"5"},{"attribute_code":"height","value":"5"},{"attribute_code":"breadcrumb_category","value":"74","title":"Best Face Serum in India","url_key":"face-serum"},{"attribute_code":"custom_product_type","value":"be_face"},{"attribute_code":"brand","value":"4"},{"attribute_code":"product_card_tags","value":"Enriched with 50X Vitamin C* | Brightens Skin"},{"attribute_code":"saving_scheme","value":"price_per_100_ml"},{"attribute_code":"product_subtitle_keys","value":"Buy 1 Get 1 FREE, Serum, Vitamin C"},{"attribute_code":"is_suitable_for_skin_type","value":"465","label":"normal"},{"attribute_code":"tax_class_id","value":"2"},{"attribute_code":"create_scarcity","value":"1"},{"attribute_code":"hide_product_infront","value":"0"},{"attribute_code":"show_in_feed","value":"1"},{"attribute_code":"base_category","value":"86"},{"attribute_code":"base_sub_category","value":"61"},{"attribute_code":"key_ingredient","value":"501"},{"attribute_code":"show_price_per_unit","value":"1"},{"attribute_code":"volume","value":"10"},{"attribute_code":"enable_fbt_popup","value":"0"},{"attribute_code":"vitamin_c_daily_glow_cream","value":"172"},{"attribute_code":"strikethrough","value":"1"},{"attribute_code":"short_description","value":"\u003cp style=\"text-align: justify;\"\u003eHello brighter skin with Mamaearth Vitamin C Daily Glow Face Serum! Enriched with 5%  Vitamin C, this daily face serum features a potent formula for skin that glows, everyday!\u003cbr/\u003e\r\nCrafted with the power of 50X Vitamin C*, this face serum fights free radical damage \u0026 brightens the skin, naturally. Also infused with Turmeric, the face serum reduces dullness and revives your skin’s natural glow. \u003cbr/\u003e\r\nVitamin C Daily Glow Face Serum has a lightweight \u0026 fragrance-free formula that gets absorbed into the skin instantly, leaving you with radiant skin without the greasiness.  That's not all! It is also Made Safe certified, which means it is free of toxins and harmful chemicals.\u003cbr/\u003e\r\n*Contains more than 50x concentration of Vitamin C as compared to Mamaearth Vitamin C Daily Glow Face Cream\r\n\u003c/p\u003e"},{"attribute_code":"attribute_value_1","value":"\u003cdiv class=\"list-banner\"\u003e\u003cimg loading=\"lazy\"  src=\"https://images.mamaearth.in/wysiwyg/25-05-23/vit-c-daily-glow-serum%20%281%29.jpg\" alt=\"\" /\u003e\r\n\u003cp style=\"text-align: center;\"\u003eVitamin C Daily Glow Face Serum\u003c/p\u003e\r\n\u003c/div\u003e"},{"attribute_code":"attribute_value_2","value":"\u003cul class=\"woodmart-list\"\u003e\r\n\u003cli\u003e\r\n\u003cdiv class=\"list-icon\"\u003e\u003cimg loading=\"lazy\" src=\"https://images.mamaearth.in/wysiwyg/06-01-2023/5.png\" alt=\"mamaearth vitamin c serum ingredients as mamaearth Skin Illuminate Face Serum  with Vitamin C\" /\u003e\u003c/div\u003e\r\n\u003cspan class=\"list-content\" style=\"text-align: justify;\"\u003e\u003cstrong\u003eVitamin C : \u003c/strong\u003eLoaded with antioxidants, Vitamin C fights free radical damage \u0026amp; brightens skin.\u003c/span\u003e\u003c/li\u003e\r\n\u003cli\u003e\r\n\u003cdiv class=\"list-icon\"\u003e\u003cimg loading=\"lazy\" src=\"https://images.mamaearth.in/wysiwyg/06-01-2023/7.jpg\" alt=\"Mamaearth skin brightening serum as Skin Illuminate Face Serum  for face with Nymphaea Alba Flower Extract \" /\u003e\u003c/div\u003e\r\n\u003cspan class=\"list-content\" style=\"text-align: justify;\"\u003e\u003cstrong\u003eNiacinamide : \u003c/strong\u003e Great for dark spots, Niacinamide boosts collagen production \u0026amp; improves skin texture.\u003c/span\u003e\u003c/li\u003e\r\n\u003cli\u003e\r\n\u003cdiv class=\"list-icon\"\u003e\u003cimg loading=\"lazy\" src=\"https://images.mamaearth.in/wysiwyg/06-01-2023/6.jpg\" alt=\"Best Serum for Glowing Skin is Skin Illuminate Face Serum  with Turmeric\" /\u003e\u003c/div\u003e\r\n\u003cspan class=\"list-content\" style=\"text-align: justify;\"\u003e\u003cstrong\u003eTurmeric : \u003c/strong\u003ePacked with anti-inflammatory benefits, Turmeric soothes skin \u0026amp; revives natural glow. \u003c/span\u003e\u003c/li\u003e\r\n\u003cli\u003e\r\n\u003cdiv class=\"list-icon\"\u003e\u003cimg loading=\"lazy\" src=\"https://images.mamaearth.in/wysiwyg/06-01-2023/8.jpg\" alt=\"Mamaearth Vitamin C Serum for Acne Prone Skin as Skin Illuminate Face Serum with Squalane\" /\u003e\u003c/div\u003e\r\n\u003cspan class=\"list-content\" style=\"text-align: justify;\"\u003e\u003cstrong\u003eTangerine : \u003c/strong\u003eRich in Citric Acid, Tangerine enhances the skin’s elasticity and helps it look firm \u0026amp; youthful. \u003c/span\u003e\u003c/li\u003e\r\n\u003c/ul\u003e"},{"attribute_code":"attribute_value_3","value":"\u003cul\u003e\r\n\u003cli\u003e\u003cspan class=\"list-content\"\u003e\u003cstrong\u003eStep 1 : \u003c/strong\u003eTake an adequate amount of the serum.\u003c/span\u003e\u003c/li\u003e\r\n\u003cli\u003e\u003cspan class=\"list-content\"\u003e\u003cstrong\u003eStep 2 : \u003c/strong\u003eApply it on your face  \u0026 neck in an upward circular motion.\u003c/span\u003e\u003c/li\u003e\r\n\u003cli\u003e\u003cspan class=\"list-content\"\u003e\u003cstrong\u003eStep 3 : \u003c/strong\u003eGently massage it until it’s absorbed.\u003c/span\u003e\u003c/li\u003e\r\n\u003cli\u003e\u003cspan class=\"list-content\"\u003e\u003cstrong\u003eStep 4 : \u003c/strong\u003eUse it twice a day for best results.\u003c/span\u003e\u003c/li\u003e\r\n\u003cli\u003e\u003cspan class=\"list-content\"\u003e\u003cstrong\u003eStep 5 : \u003c/strong\u003eDuring the day, follow it up with Vitamin C Daily Glow Sunscreen. \u003c/span\u003e\u003c/li\u003e\r\n\u003c/ul\u003e"},{"attribute_code":"attribute_value_4","value":"\u003cul style=\"list-style: disc; padding-left: 1em;\"\u003e\r\n\u003cli\u003eMen and Women of age 18 years and above\u003c/li\u003e\r\n\u003cli\u003e\u003cspan class=\"list-content\"\u003eThe face serum is suitable for all skin types\u003c/span\u003e\u003c/li\u003e\r\n\u003c/ul\u003e"},{"attribute_code":"attribute_value_5","value":"\u003cul class=\"compare-list\"\u003e\r\n\u003cli\u003e\r\n\u003cdiv class=\"compare-content\"\u003e\r\n\u003cul\u003e\r\n\u003cli\u003eBrightens Skin\u003c/li\u003e\u003cli\u003e\r\nEvens Skin Tone\u003c/li\u003e\u003cli\u003e\r\nRevives Natural Glow\u003c/li\u003e\u003cli\u003e\r\nLightweight Formula\u003c/li\u003e\u003cli\u003e\r\nMade Safe Certified\u003c/li\u003e\u003cli\u003e\r\nSuitable For All Skin Types\u003c/li\u003e\u003cli\u003e\r\nDermatologically Tested\u003c/li\u003e\u003cli\u003e\r\nCruelty-Free\u003c/li\u003e\u003cli\u003e\r\nToxin-Free \u0026 No Harmful Chemicals\r\n\u003c/li\u003e\r\n\u003c/ul\u003e\r\n\u003c/div\u003e\r\n\u003c/li\u003e\r\n\u003cli\u003e\r\n\u003cdiv class=\"compare-content\"\u003e\r\n\u003cul\u003e\r\n\u003cli\u003eDoesn’t Brighten Skin\u003c/li\u003e\u003cli\u003e\r\nNo Changes in Skin Tone\u003c/li\u003e\u003cli\u003e\r\nDoesn’t Make Skin Glow\u003c/li\u003e\u003cli\u003e\r\nGreasy \u0026 Heavy\u003c/li\u003e\u003cli\u003e\r\nNot Made Safe Certified \u003c/li\u003e\u003cli\u003e\r\nNot Suitable for All Skin Types\u003c/li\u003e\u003cli\u003e\r\nNot Dermatologically Tested\u003c/li\u003e\u003cli\u003e\r\nNot Cruelty-free\u003c/li\u003e\u003cli\u003e\r\nContains Harmful Chemicals\r\n\u003c/li\u003e\r\n\u003c/ul\u003e\r\n\u003c/div\u003e\r\n\u003c/li\u003e\r\n\u003c/ul\u003e"},{"attribute_code":"attribute_value_6","value":"\u003ctable\u003e\r\n\u003ctbody\u003e\r\n\u003ctr\u003e\r\n\u003ctd\u003e\r\n\u003cp\u003e\u003cstrong\u003eIngredient\u003c/strong\u003e\u003c/p\u003e\r\n\u003c/td\u003e\r\n\u003ctd\u003e\r\n\u003cp\u003e\u003cstrong\u003eType\u003c/strong\u003e\u003c/p\u003e\r\n\u003c/td\u003e\r\n\u003ctd\u003e\r\n\u003cp\u003e\u003cstrong\u003eWhere Is It From\u003c/strong\u003e\u003c/p\u003e\r\n\u003c/td\u003e\r\n\u003ctd\u003e\r\n\u003cp\u003e\u003cstrong\u003eHow It Helps\u003c/strong\u003e\u003c/p\u003e\r\n\u003c/td\u003e\r\n\u003c/tr\u003e\r\n\u003ctr\u003e\r\n\u003ctd\u003e\r\n\u003cp\u003e\u003cspan style=\"font-weight: 400;\"\u003eAqua\u003c/span\u003e\u003c/p\u003e\r\n\u003c/td\u003e\r\n\u003ctd\u003e\r\n\u003cp\u003e\u003cspan style=\"font-weight: 400;\"\u003eNatural\u003c/span\u003e\u003c/p\u003e\r\n\u003c/td\u003e\r\n\u003ctd\u003e\r\n\u003cp\u003e\u003cspan style=\"font-weight: 400;\"\u003eWater\u003c/span\u003e\u003c/p\u003e\r\n\u003c/td\u003e\r\n\u003ctd\u003e\r\n\u003cp\u003e\u003cspan style=\"font-weight: 400;\"\u003eDiluent\u003c/span\u003e\u003c/p\u003e\r\n\u003c/td\u003e\r\n\u003c/tr\u003e\r\n\u003ctr\u003e\r\n\u003ctd\u003e\r\n\u003cp\u003e\u003cspan style=\"font-weight: 400;\"\u003eEthoxydiglycol\u003c/span\u003e\u003c/p\u003e\r\n\u003c/td\u003e\r\n\u003ctd\u003e\r\n\u003cp\u003e\u003cspan style=\"font-weight: 400;\"\u003eSynthetic\u003c/span\u003e\u003c/p\u003e\r\n\u003c/td\u003e\r\n\u003ctd\u003e\r\n\u003cp\u003e\u003cspan style=\"font-weight: 400;\"\u003eLab-Synthesized\u003c/span\u003e\u003c/p\u003e\r\n\u003c/td\u003e\r\n\u003ctd\u003e\r\n\u003cp\u003e\u003cspan style=\"font-weight: 400;\"\u003ePenetration Enhancer\u003c/span\u003e\u003c/p\u003e\r\n\u003c/td\u003e\r\n\u003c/tr\u003e\r\n\u003ctr\u003e\r\n\u003ctd\u003e\u003cbr /\u003e\r\n\u003cp\u003e\u003cspan style=\"font-weight: 400;\"\u003eEthyl Ascorbic Acid (Vitamin\u003c/span\u003e\u003c/p\u003e\r\n\u003cp\u003e\u003cspan style=\"font-weight: 400;\"\u003eC)\u003c/span\u003e\u003c/p\u003e\r\n\u003c/td\u003e\r\n\u003ctd\u003e\r\n\u003cp\u003e\u003cspan style=\"font-weight: 400;\"\u003eSynthetic\u003c/span\u003e\u003c/p\u003e\r\n\u003c/td\u003e\r\n\u003ctd\u003e\r\n\u003cp\u003e\u003cspan style=\"font-weight: 400;\"\u003eLab-Synthesized\u003c/span\u003e\u003c/p\u003e\r\n\u003c/td\u003e\r\n\u003ctd\u003e\r\n\u003cp\u003e\u003cspan style=\"font-weight: 400;\"\u003eFights Free Radicals\u003c/span\u003e\u003c/p\u003e\r\n\u003c/td\u003e\r\n\u003c/tr\u003e\r\n\u003ctr\u003e\r\n\u003ctd\u003e\r\n\u003cp\u003e\u003cspan style=\"font-weight: 400;\"\u003eNiacinamide\u003c/span\u003e\u003c/p\u003e\r\n\u003c/td\u003e\r\n\u003ctd\u003e\r\n\u003cp\u003e\u003cspan style=\"font-weight: 400;\"\u003eNatural\u003c/span\u003e\u003c/p\u003e\r\n\u003c/td\u003e\r\n\u003ctd\u003e\r\n\u003cp\u003e\u003cspan style=\"font-weight: 400;\"\u003ePlant-Based\u003c/span\u003e\u003c/p\u003e\r\n\u003c/td\u003e\r\n\u003ctd\u003e\r\n\u003cp\u003e\u003cspan style=\"font-weight: 400;\"\u003eFades Blemishes\u003c/span\u003e\u003c/p\u003e\r\n\u003c/td\u003e\r\n\u003c/tr\u003e\r\n\u003ctr\u003e\r\n\u003ctd\u003e\r\n\u003cp\u003e\u003cspan style=\"font-weight: 400;\"\u003ePropanediol\u003c/span\u003e\u003c/p\u003e\r\n\u003c/td\u003e\r\n\u003ctd\u003e\r\n\u003cp\u003e\u003cspan style=\"font-weight: 400;\"\u003eNatural\u003c/span\u003e\u003c/p\u003e\r\n\u003c/td\u003e\r\n\u003ctd\u003e\r\n\u003cp\u003e\u003cspan style=\"font-weight: 400;\"\u003eCorn\u003c/span\u003e\u003c/p\u003e\r\n\u003c/td\u003e\r\n\u003ctd\u003e\r\n\u003cp\u003e\u003cspan style=\"font-weight: 400;\"\u003epH Balancing Agent\u003c/span\u003e\u003c/p\u003e\r\n\u003c/td\u003e\r\n\u003c/tr\u003e\r\n\u003ctr\u003e\r\n\u003ctd\u003e\r\n\u003cp\u003e\u003cspan style=\"font-weight: 400;\"\u003eDimethyl Isosorbide\u003c/span\u003e\u003c/p\u003e\r\n\u003c/td\u003e\r\n\u003ctd\u003e\r\n\u003cp\u003e\u003cspan style=\"font-weight: 400;\"\u003eSynthetic\u003c/span\u003e\u003c/p\u003e\r\n\u003c/td\u003e\r\n\u003ctd\u003e\r\n\u003cp\u003e\u003cspan style=\"font-weight: 400;\"\u003eLab-Synthesized\u003c/span\u003e\u003c/p\u003e\r\n\u003c/td\u003e\r\n\u003ctd\u003e\r\n\u003cp\u003e\u003cspan style=\"font-weight: 400;\"\u003ePenetration Enhancer\u003c/span\u003e\u003c/p\u003e\r\n\u003c/td\u003e\r\n\u003c/tr\u003e\r\n\u003ctr\u003e\r\n\u003ctd\u003e\r\n\u003cp\u003e\u003cspan style=\"font-weight: 400;\"\u003ePhenoxyethanol\u003c/span\u003e\u003c/p\u003e\r\n\u003c/td\u003e\r\n\u003ctd\u003e\r\n\u003cp\u003e\u003cspan style=\"font-weight: 400;\"\u003eNatural\u003c/span\u003e\u003c/p\u003e\r\n\u003c/td\u003e\r\n\u003ctd\u003e\r\n\u003cp\u003e\u003cspan style=\"font-weight: 400;\"\u003ePlant-Based\u003c/span\u003e\u003c/p\u003e\r\n\u003c/td\u003e\r\n\u003ctd\u003e\r\n\u003cp\u003e\u003cspan style=\"font-weight: 400;\"\u003ePreservative\u003c/span\u003e\u003c/p\u003e\r\n\u003c/td\u003e\r\n\u003c/tr\u003e\r\n\u003ctr\u003e\r\n\u003ctd\u003e\r\n\u003cp\u003e\u003cspan style=\"font-weight: 400;\"\u003eEthylhexylglycerin\u003c/span\u003e\u003c/p\u003e\r\n\u003c/td\u003e\r\n\u003ctd\u003e\r\n\u003cp\u003e\u003cspan style=\"font-weight: 400;\"\u003eSynthetic\u003c/span\u003e\u003c/p\u003e\r\n\u003c/td\u003e\r\n\u003ctd\u003e\r\n\u003cp\u003e\u003cspan style=\"font-weight: 400;\"\u003eLab-Synthesized\u003c/span\u003e\u003c/p\u003e\r\n\u003c/td\u003e\r\n\u003ctd\u003e\r\n\u003cp\u003e\u003cspan style=\"font-weight: 400;\"\u003eSkin Softening Agent\u003c/span\u003e\u003c/p\u003e\r\n\u003c/td\u003e\r\n\u003c/tr\u003e\r\n\u003ctr\u003e\r\n\u003ctd\u003e\r\n\u003cp\u003e\u003cspan style=\"font-weight: 400;\"\u003eGinkgo Biloba\u003c/span\u003e\u003c/p\u003e\r\n\u003cp\u003e\u003cspan style=\"font-weight: 400;\"\u003eExtract\u003c/span\u003e\u003c/p\u003e\r\n\u003c/td\u003e\r\n\u003ctd\u003e\r\n\u003cp\u003e\u003cspan style=\"font-weight: 400;\"\u003eNatural\u003c/span\u003e\u003c/p\u003e\r\n\u003c/td\u003e\r\n\u003ctd\u003e\r\n\u003cp\u003e\u003cspan style=\"font-weight: 400;\"\u003ePlant-Based\u003c/span\u003e\u003c/p\u003e\r\n\u003c/td\u003e\r\n\u003ctd\u003e\r\n\u003cp\u003e\u003cspan style=\"font-weight: 400;\"\u003eSoothes Skin\u003c/span\u003e\u003c/p\u003e\r\n\u003c/td\u003e\r\n\u003c/tr\u003e\r\n\u003ctr\u003e\r\n\u003ctd\u003e\r\n\u003cp\u003e\u003cspan style=\"font-weight: 400;\"\u003eCitrus Limon Fruit Extract\u003c/span\u003e\u003c/p\u003e\r\n\u003c/td\u003e\r\n\u003ctd\u003e\r\n\u003cp\u003e\u003cspan style=\"font-weight: 400;\"\u003eNatural\u003c/span\u003e\u003c/p\u003e\r\n\u003c/td\u003e\r\n\u003ctd\u003e\r\n\u003cp\u003e\u003cspan style=\"font-weight: 400;\"\u003ePlant-Based\u003c/span\u003e\u003c/p\u003e\r\n\u003c/td\u003e\r\n\u003ctd\u003e\r\n\u003cp\u003e\u003cspan style=\"font-weight: 400;\"\u003eAntioxidant\u003c/span\u003e\u003c/p\u003e\r\n\u003c/td\u003e\r\n\u003c/tr\u003e\r\n\u003ctr\u003e\r\n\u003ctd\u003e\r\n\u003cp\u003e\u003cspan style=\"font-weight: 400;\"\u003eTurmeric Extract\u003c/span\u003e\u003c/p\u003e\r\n\u003c/td\u003e\r\n\u003ctd\u003e\r\n\u003cp\u003e\u003cspan style=\"font-weight: 400;\"\u003eNatural\u003c/span\u003e\u003c/p\u003e\r\n\u003c/td\u003e\r\n\u003ctd\u003e\r\n\u003cp\u003e\u003cspan style=\"font-weight: 400;\"\u003ePlant-Based\u003c/span\u003e\u003c/p\u003e\r\n\u003c/td\u003e\r\n\u003ctd\u003e\r\n\u003cp\u003e\u003cspan style=\"font-weight: 400;\"\u003eAntioxidant\u003c/span\u003e\u003c/p\u003e\r\n\u003c/td\u003e\r\n\u003c/tr\u003e\r\n\u003ctr\u003e\r\n\u003ctd\u003e\r\n\u003cp\u003e\u003cspan style=\"font-weight: 400;\"\u003eTangerine Peel Extract\u003c/span\u003e\u003c/p\u003e\r\n\u003c/td\u003e\r\n\u003ctd\u003e\r\n\u003cp\u003e\u003cspan style=\"font-weight: 400;\"\u003eNatural\u003c/span\u003e\u003c/p\u003e\r\n\u003c/td\u003e\r\n\u003ctd\u003e\r\n\u003cp\u003e\u003cspan style=\"font-weight: 400;\"\u003ePlant-Based\u003c/span\u003e\u003c/p\u003e\r\n\u003c/td\u003e\r\n\u003ctd\u003e\r\n\u003cp\u003e\u003cspan style=\"font-weight: 400;\"\u003eBoosts Collagen Production\u003c/span\u003e\u003c/p\u003e\r\n\u003c/td\u003e\r\n\u003c/tr\u003e\r\n\u003ctr\u003e\r\n\u003ctd\u003e\r\n\u003cp\u003e\u003cspan style=\"font-weight: 400;\"\u003eSodium Hyaluronate\u003c/span\u003e\u003c/p\u003e\r\n\u003c/td\u003e\r\n\u003ctd\u003e\r\n\u003cp\u003e\u003cspan style=\"font-weight: 400;\"\u003eSynthetic\u003c/span\u003e\u003c/p\u003e\r\n\u003c/td\u003e\r\n\u003ctd\u003e\r\n\u003cp\u003e\u003cspan style=\"font-weight: 400;\"\u003eLab-Synthesized\u003c/span\u003e\u003c/p\u003e\r\n\u003c/td\u003e\r\n\u003ctd\u003e\r\n\u003cp\u003e\u003cspan style=\"font-weight: 400;\"\u003eMoisturizing Agent\u003c/span\u003e\u003c/p\u003e\r\n\u003c/td\u003e\r\n\u003c/tr\u003e\r\n\u003ctr\u003e\r\n\u003ctd\u003e\r\n\u003cp\u003e\u003cspan style=\"font-weight: 400;\"\u003eXanthan Gum\u003c/span\u003e\u003c/p\u003e\r\n\u003c/td\u003e\r\n\u003ctd\u003e\r\n\u003cp\u003e\u003cspan style=\"font-weight: 400;\"\u003eSynthetic\u003c/span\u003e\u003c/p\u003e\r\n\u003c/td\u003e\r\n\u003ctd\u003e\r\n\u003cp\u003e\u003cspan style=\"font-weight: 400;\"\u003eLab-Synthesized\u003c/span\u003e\u003c/p\u003e\r\n\u003c/td\u003e\r\n\u003ctd\u003e\r\n\u003cp\u003e\u003cspan style=\"font-weight: 400;\"\u003eThickening Agent\u003c/span\u003e\u003c/p\u003e\r\n\u003c/td\u003e\r\n\u003c/tr\u003e\r\n\u003ctr\u003e\r\n\u003ctd\u003e\r\n\u003cp\u003e\u003cspan style=\"font-weight: 400;\"\u003eButylene Glycol\u003c/span\u003e\u003c/p\u003e\r\n\u003c/td\u003e\r\n\u003ctd\u003e\r\n\u003cp\u003e\u003cspan style=\"font-weight: 400;\"\u003eNatural\u003c/span\u003e\u003c/p\u003e\r\n\u003c/td\u003e\r\n\u003ctd\u003e\r\n\u003cp\u003e\u003cspan style=\"font-weight: 400;\"\u003ePlant-Based\u003c/span\u003e\u003c/p\u003e\r\n\u003c/td\u003e\r\n\u003ctd\u003e\r\n\u003cp\u003e\u003cspan style=\"font-weight: 400;\"\u003eHumectant\u003c/span\u003e\u003c/p\u003e\r\n\u003c/td\u003e\r\n\u003c/tr\u003e\r\n\u003ctr\u003e\r\n\u003ctd\u003e\r\n\u003cp\u003e\u003cspan style=\"font-weight: 400;\"\u003eSophora\u003c/span\u003e\u003c/p\u003e\r\n\u003cp\u003e\u003cspan style=\"font-weight: 400;\"\u003eFlavescens Root Extract\u003c/span\u003e\u003c/p\u003e\r\n\u003c/td\u003e\r\n\u003ctd\u003e\r\n\u003cp\u003e\u003cspan style=\"font-weight: 400;\"\u003eNatural\u003c/span\u003e\u003c/p\u003e\r\n\u003c/td\u003e\r\n\u003ctd\u003e\r\n\u003cp\u003e\u003cspan style=\"font-weight: 400;\"\u003ePlant-Based\u003c/span\u003e\u003c/p\u003e\r\n\u003c/td\u003e\r\n\u003ctd\u003e\r\n\u003cp\u003e\u003cspan style=\"font-weight: 400;\"\u003eBrightening Agent\u003c/span\u003e\u003c/p\u003e\r\n\u003c/td\u003e\r\n\u003c/tr\u003e\r\n\u003ctr\u003e\r\n\u003ctd\u003e\r\n\u003cp\u003e\u003cspan style=\"font-weight: 400;\"\u003eGlycyrrhiza Inflata Root\u003c/span\u003e\u003c/p\u003e\r\n\u003cp\u003e\u003cspan style=\"font-weight: 400;\"\u003eExtract\u003c/span\u003e\u003c/p\u003e\r\n\u003c/td\u003e\r\n\u003ctd\u003e\r\n\u003cp\u003e\u003cspan style=\"font-weight: 400;\"\u003eNatural\u003c/span\u003e\u003c/p\u003e\r\n\u003c/td\u003e\r\n\u003ctd\u003e\r\n\u003cp\u003e\u003cspan style=\"font-weight: 400;\"\u003ePlant-Based\u003c/span\u003e\u003c/p\u003e\r\n\u003c/td\u003e\r\n\u003ctd\u003e\r\n\u003cp\u003e\u003cspan style=\"font-weight: 400;\"\u003eBrightening Agent\u003c/span\u003e\u003c/p\u003e\r\n\u003c/td\u003e\r\n\u003c/tr\u003e\r\n\u003ctr\u003e\r\n\u003ctd\u003e\r\n\u003cp\u003e\u003cspan style=\"font-weight: 400;\"\u003eScutellaria Baicalensis Root Extract\u003c/span\u003e\u003c/p\u003e\r\n\u003c/td\u003e\r\n\u003ctd\u003e\r\n\u003cp\u003e\u003cspan style=\"font-weight: 400;\"\u003eNatural\u003c/span\u003e\u003c/p\u003e\r\n\u003c/td\u003e\r\n\u003ctd\u003e\r\n\u003cp\u003e\u003cspan style=\"font-weight: 400;\"\u003ePlant-Based\u003c/span\u003e\u003c/p\u003e\r\n\u003c/td\u003e\r\n\u003ctd\u003e\r\n\u003cp\u003e\u003cspan style=\"font-weight: 400;\"\u003eFights Free Radicals\u003c/span\u003e\u003c/p\u003e\r\n\u003c/td\u003e\r\n\u003c/tr\u003e\r\n\u003ctr\u003e\r\n\u003ctd\u003e\r\n\u003cp\u003e\u003cspan style=\"font-weight: 400;\"\u003eDisodium EDTA\u003c/span\u003e\u003c/p\u003e\r\n\u003c/td\u003e\r\n\u003ctd\u003e\r\n\u003cp\u003e\u003cspan style=\"font-weight: 400;\"\u003eSynthetic\u003c/span\u003e\u003c/p\u003e\r\n\u003c/td\u003e\r\n\u003ctd\u003e\r\n\u003cp\u003e\u003cspan style=\"font-weight: 400;\"\u003eLab-Synthesized\u003c/span\u003e\u003c/p\u003e\r\n\u003c/td\u003e\r\n\u003ctd\u003e\r\n\u003cp\u003e\u003cspan style=\"font-weight: 400;\"\u003ePreservative\u003c/span\u003e\u003c/p\u003e\r\n\u003c/td\u003e\r\n\u003c/tr\u003e\r\n\u003ctr\u003e\r\n\u003ctd\u003e\r\n\u003cp\u003e\u003cspan style=\"font-weight: 400;\"\u003eAllantoin\u003c/span\u003e\u003c/p\u003e\r\n\u003c/td\u003e\r\n\u003ctd\u003e\r\n\u003cp\u003e\u003cspan style=\"font-weight: 400;\"\u003eSynthetic\u003c/span\u003e\u003c/p\u003e\r\n\u003c/td\u003e\r\n\u003ctd\u003e\r\n\u003cp\u003e\u003cspan style=\"font-weight: 400;\"\u003eLab-Synthesized\u003c/span\u003e\u003c/p\u003e\r\n\u003c/td\u003e\r\n\u003ctd\u003e\r\n\u003cp\u003e\u003cspan style=\"font-weight: 400;\"\u003eMoisturizer\u003c/span\u003e\u003c/p\u003e\r\n\u003c/td\u003e\r\n\u003c/tr\u003e\r\n\u003c/tbody\u003e\r\n\u003c/table\u003e"},{"attribute_code":"attribute_value_7","value":"\u003cdiv\u003e\r\n\u003cdiv\u003e\r\n\u003cp\u003eCan I Use This Serum at Night?\u003c/p\u003e\r\n\u003cp\u003eYes, you can use it at any time of the day.\u003c/p\u003e\r\n\u003cp\u003eWill This Serum Help Fade My Acne Marks?\u003c/p\u003e\r\n\u003cp\u003eYes. Formulated with 5% Vitamin C \u0026amp; 5% Niacinamide, the Vitamin C Glow Serum fades dark spots and gives you clear and bright skin.\u003c/p\u003e\r\n\u003cp\u003eCan Men Use It?\u003c/p\u003e\r\n\u003cp\u003eAbsolutely! The Vitamin C Daily Glow Face Serum can be used by everyone above the age of 18 years.\u003c/p\u003e\r\n\u003cp\u003eWill This Serum Suit Oily Skin?\u003c/p\u003e\r\n\u003cp\u003eYes, the Vitamin C Daily Glow Face Serum has a lightweight formulation that absorbs quickly into the skin to give you an oil-free glow.\u003c/p\u003e\r\n\u003c/div\u003e\r\n\u003c/div\u003e\r\n"},{"attribute_code":"tag_keywords","value":"Daily Glow Serum,Face Serum,5% Vitamin C ,50X Vitamin C ,Glow,Natural Glow,Glowing Skin,Radiant Skin,Vitamin C ,Antioxidants,Turmeric,Niacinamide,Non-Sticky,Non-Greasy\r\n"},{"attribute_code":"meta_keyword","value":"Daily Glow Serum,Face Serum,5% Vitamin C ,50X Vitamin C ,Glow,Natural Glow,Glowing Skin,Radiant Skin,Vitamin C ,Antioxidants,Turmeric,Niacinamide,Non-Sticky,Non-Greasy"},{"attribute_code":"special_from_date","value":"2023-10-19 17:47:00"}],"hide_in_front":0,"image":"/v/i/vitamin-c-glow-serum_1_1_1.jpg","is_in_stock":true,"name":"Vitamin C Daily Glow Face Serum 10 ml","position":"7","price":"225.00","product_card_tags":"Enriched with 50X Vitamin C* | Brightens Skin","review_count":32,"siblings":[{"id":772,"sku":"8904417305838","name":"Vitamin C Daily Glow Face Serum With Vitamin C \u0026 Turmeric for Radiant Skin - 30 ml","url_key":"vitamin-c-daily-glow-face-serum-with-vitamin-c-turmeric-for-radiant-skin-30-ml","price":"399.00","is_in_stock":true,"custom_attributes":[{"attribute_code":"saving_scheme","value":"price_per_100_ml"},{"attribute_code":"volume","value":"30"}],"special_price":"","parent_id":894,"attribute_id":246,"option_id":173,"parent_sku":"230089","attribute_label":"Vitamin c daily glow cream","title":"30ml","swatch_data":{"swatch_id":187,"option_id":173,"store_id":1,"type":0,"value":"30ml"},"special_from_date":{"date":"2023-10-19 23:18:00","timezone_type":3,"timezone":"Asia/Kolkata"}}],"sku":"8904417306033","special_price":"","special_price_from_date":{"date":"2023-10-19 23:17:00","timezone_type":3,"timezone":"Asia/Kolkata"},"tags":"trending","url_key":"vitamin-c-daily-glow-face-serum-10-ml","imageAltTags":[],"product_subtitle_keys":["Buy 1 Get 1 FREE"," Serum"," Vitamin C"],"size":"10ml","unitPrice":"22.50/ml","old_productid":"866","generic_name":null},{"id":55,"tier_prices":[],"avg_rating_percent":94,"categories":[2,18,5,20,21,23,24,51,31,128,130,133,134,216,253,107,129,131,53,376,440,441,435],"created_at":"2021-03-25 13:28:45","custom_attributes":[{"attribute_code":"manufacturer","value":"Kapco International Ltd,Plot 11,Sector3,Parwanoo, Himachal Pradesh-173220"},{"attribute_code":"meta_title","value":"Tea Tree Face Wash for Acne and Pimples -100ml|B1G1 Free"},{"attribute_code":"meta_description","value":"Tea tree face wash with tea tree and neem to reduce the acne and pimple. Mamaearth Tea tree oil face wash for pimples is free of toxins and harmful chemicals."},{"attribute_code":"image","value":"/p/r/product_with_ingrident_copy.jpg"},{"attribute_code":"small_image","value":"/p/r/product_with_ingrident_copy.jpg"},{"attribute_code":"thumbnail","value":"/p/r/product_with_ingrident_copy.jpg"},{"attribute_code":"options_container","value":"container2"},{"attribute_code":"small_image_label","value":"mamaearth tea tree face wash"},{"attribute_code":"thumbnail_label","value":"mamaearth tea tree face wash"},{"attribute_code":"country_of_manufacture","value":"IN"},{"attribute_code":"url_key","value":"tea-tree-face-wash"},{"attribute_code":"msrp_display_actual_price_type","value":"0"},{"attribute_code":"gift_message_available","value":"0"},{"attribute_code":"swatch_image","value":"/p/r/product_with_ingrident_copy.jpg"},{"attribute_code":"attribute_label_1","value":"Results of Mamaearth Tea Tree Face Wash"},{"attribute_code":"attribute_label_2","value":"Key Ingredients"},{"attribute_code":"attribute_label_3","value":"How to Use"},{"attribute_code":"attribute_label_4","value":"Who can Use"},{"attribute_code":"attribute_label_5","value":"Why Mamaearth"},{"attribute_code":"attribute_label_6","value":"Ingredient List"},{"attribute_code":"attribute_label_7","value":"FAQS"},{"attribute_code":"best_before","value":"24 Months"},{"attribute_code":"dimensions","value":"10 * 5 * 5 cm"},{"attribute_code":"mrp","value":"269"},{"attribute_code":"old_productid","value":"36771"},{"attribute_code":"weight_when_packed","value":"0.500"},{"attribute_code":"tags","value":"trending"},{"attribute_code":"marketed_by","value":"Honasa Consumer Limited, 10th and 11th Floor, Capital Cyberscape, Sector 59, Gurugram, Haryana, 122101"},{"attribute_code":"live_url","value":"https://mamaearth.in/product/tea-tree-face-wash"},{"attribute_code":"license_no","value":"S-COS/10/19"},{"attribute_code":"length","value":"10"},{"attribute_code":"google_category","value":"2526"},{"attribute_code":"cms_sequence","value":"1,2,3,4,5,6,7,8"},{"attribute_code":"width","value":"5"},{"attribute_code":"height","value":"5"},{"attribute_code":"breadcrumb_category","value":"51","title":"Best Face Wash for Men \u0026 Women ","url_key":"face-wash"},{"attribute_code":"custom_product_type","value":"be_face"},{"attribute_code":"brand","value":"4"},{"attribute_code":"product_card_tags","value":"Controls Acne \u0026 Pimples | Removes Excess Oil"},{"attribute_code":"saving_scheme","value":"price_per_100_ml"},{"attribute_code":"product_subtitle_keys","value":"Buy 1 Get 1 FREE, Face Wash, Tea Tree"},{"attribute_code":"is_suitable_for_skin_type","value":"466","label":"oily"},{"attribute_code":"skin_goals","value":"471,474","label":"cleansing, reduced dark spots"},{"attribute_code":"tax_class_id","value":"2"},{"attribute_code":"create_scarcity","value":"1"},{"attribute_code":"hide_product_infront","value":"0"},{"attribute_code":"show_in_feed","value":"1"},{"attribute_code":"base_category","value":"86"},{"attribute_code":"base_sub_category","value":"65"},{"attribute_code":"key_ingredient","value":"504"},{"attribute_code":"teatree_facewash_variants","value":"491"},{"attribute_code":"show_price_per_unit","value":"1"},{"attribute_code":"volume","value":"100"},{"attribute_code":"enable_fbt_popup","value":"0"},{"attribute_code":"strikethrough","value":"1"},{"attribute_code":"tag_keywords","value":"beauty, care, earth, Face, facewash, mama, mamaearth, products, Tea, Tree, Wash, face, wash, face wash, acne, pimples"},{"attribute_code":"short_description","value":"\u003cp style=\"text-align: justify;\"\u003eMamaearth \u003cstrong\u003eTea Tree Face Wash for acne and pimples\u003c/strong\u003e is a natural blend of neem and tea tree oil. It helps prevent acne by deep cleaning impurities, fighting bacteria and controlling excess oil secretion. All this, without stripping the skin off its natural oils.\u003c/p\u003e\r\n\u003cp style=\"text-align: justify;\"\u003eAloe Vera in the face wash helps reduce redness and inflammation. Dermatologically tested and pH balanced, it takes gentle care of your skin while making it look healthy and glowing. It is absolutely safe since it contains no harmful chemicals like SLES, Sulfates, Phthalates, and Artificial Fragrances.\u003c/p\u003e"},{"attribute_code":"attribute_value_1","value":"\u003cul class=\"result-list\"\u003e\r\n\u003cli\u003e\r\n\u003cdiv class=\"result-img\"\u003e\u003cimg src=\"https://images.mamaearth.in/wysiwyg/Tea%20Tree%20Facewash%20for%20acne%20and%20pimples%2C%20100ml/Controls%20Acne%20%26amp%3B%20Pimples1.jpg\" alt=\"tea tree face wash for Controls Acne \u0026amp; Pimples\" width=\"290\" height=\"290\" /\u003e\u003c/div\u003e\r\n\u003ch2\u003eControls Acne \u0026amp; Pimples\u003c/h2\u003e\r\n\u003cspan class=\"result-content\" style=\"padding: 0; text-align: center;\"\u003eIt helps to reduce and prevent the development of acne and pimples by controlling excess oil secretion.\u003c/span\u003e\u003c/li\u003e\r\n\u003cli\u003e\r\n\u003cdiv class=\"result-img\"\u003e\u003cimg src=\"https://images.mamaearth.in/wysiwyg/Tea%20Tree%20Facewash%20for%20acne%20and%20pimples%2C%20100ml/Removes%20Excess%20Oil1.jpg\" alt=\"tea tree face wash to Removes Excess Oil\" width=\"300\" height=\"346\" /\u003e\u003c/div\u003e\r\n\u003ch2\u003eRemoves Excess Oil\u003c/h2\u003e\r\n\u003cspan class=\"result-content\" style=\"padding: 0; text-align: center;\"\u003eRemoves excess oil from your face, leaving a thoroughly clean and oil-free skin without making it dry or stretchy.\u003c/span\u003e\u003c/li\u003e\r\n\u003cli\u003e\r\n\u003cdiv class=\"result-img\"\u003e\u003cimg src=\"https://images.mamaearth.in/wysiwyg/Tea%20Tree%20Facewash%20for%20acne%20and%20pimples%2C%20100ml/Antibacterial1.jpg\" alt=\"Antibacterial tea tree face wash\" width=\"261\" height=\"227\" /\u003e\u003c/div\u003e\r\n\u003ch2\u003eAntibacterial\u003c/h2\u003e\r\n\u003cspan class=\"result-content\" style=\"padding: 0; text-align: center;\"\u003eNatural anti-bacterial and cleansing properties of Neem and Tea Tree Oil prevent regular breakouts of acne and pimples.\u003c/span\u003e\u003c/li\u003e\r\n\u003c/ul\u003e"},{"attribute_code":"attribute_value_2","value":"\u003cul class=\"woodmart-list\"\u003e\r\n\u003cli\u003e\r\n\u003cdiv class=\"list-icon\"\u003e\u003cimg src=\"https://images.mamaearth.in/wysiwyg/Tea%20Tree%20Facewash%20for%20acne%20and%20pimples%2C%20100ml/Mamaearth%20pimple%20face%20wash%20for%20pimples%20tea%20tree%20face%20wash%20with%20Neem1.jpg\" alt=\"Mamaearth pimple face wash for pimples tea tree face wash with Neem\" width=\"100\" height=\"100\" /\u003e\u003c/div\u003e\r\n\u003cspan class=\"list-content\" style=\"text-align: justify;\"\u003e\u003cstrong\u003eNeem : \u003c/strong\u003ePurifies the skin by removing dirt and other impurities that clog skin pores. It prevents the occurrence of acne and pimples.\u003c/span\u003e\u003c/li\u003e\r\n\u003cli\u003e\r\n\u003cdiv class=\"list-icon\"\u003e\u003cimg src=\"https://images.mamaearth.in/wysiwyg/Tea%20Tree%20Facewash%20for%20acne%20and%20pimples%2C%20100ml/Mamaearth%20acne%20face%20wash%20with%20Aloe%20Vera1.jpg\" alt=\"Mamaearth acne face wash with Aloe Vera\" width=\"100\" height=\"100\" /\u003e\u003c/div\u003e\r\n\u003cspan class=\"list-content\" style=\"text-align: justify;\"\u003e\u003cstrong\u003eAloe Vera : \u003c/strong\u003eHelps soothe any redness or irritation and nourishes the skin from within.\u003c/span\u003e\u003c/li\u003e\r\n\u003cli\u003e\r\n\u003cdiv class=\"list-icon\"\u003e\u003cimg src=\"https://images.mamaearth.in/wysiwyg/Tea%20Tree%20Facewash%20for%20acne%20and%20pimples%2C%20100ml/Mamaearth%20pimple%20and%20acne%20face%20wash%20as%20in%20Tea%20Tree%20Oil%20mamaearth%20pimple%20face%20wash1.jpg\" alt=\"Mamaearth pimple and acne face wash as in Tea Tree Oil mamaearth pimple face wash\" /\u003e\u003c/div\u003e\r\n\u003cspan class=\"list-content\" style=\"text-align: justify;\"\u003e\u003cstrong\u003eTea Tree Oil : \u003c/strong\u003eReduces excess oil from the skin and provides a fresh feel to the skin.\u003c/span\u003e\u003c/li\u003e\r\n\u003cli\u003e \u003c/li\u003e\r\n\u003c/ul\u003e"},{"attribute_code":"attribute_value_3","value":"\u003cul\u003e\r\n\u003cli\u003e\u003cspan class=\"list-content\"\u003e\u003cstrong\u003eStep 1 : \u003c/strong\u003eApply a coin-sized amount of face wash on damp face.\u003c/span\u003e\u003c/li\u003e\r\n\u003cli\u003e\u003cspan class=\"list-content\"\u003e\u003cstrong\u003eStep 2 : \u003c/strong\u003eWork up a mild lather and massage your face in gentle, anti-clockwise circular movements.\u003c/span\u003e\u003c/li\u003e\r\n\u003cli\u003e\u003cspan class=\"list-content\"\u003e\u003cstrong\u003eStep 3 : \u003c/strong\u003eRinse with lukewarm or tap water. Pat dry your face with a clean towel.\u003c/span\u003e\u003c/li\u003e\r\n\u003c/ul\u003e"},{"attribute_code":"attribute_value_4","value":"\u003cul style=\"list-style: disc; padding-left: 1em;\"\u003e\r\n\u003cli\u003e\u003cspan class=\"list-content\"\u003eAll Skin Types \u0026ndash; The face wash is suitable for all skin types.\u003c/span\u003e\u003c/li\u003e\r\n\u003cli\u003e\r\n\u003cdiv class=\"list-icon fa fa-check\"\u003eIndividuals with Skin Issues \u0026ndash; The face wash is suitable to address issues such as dull skin, acne and pimple prone skin.\u003c/div\u003e\r\n\u003c/li\u003e\r\n\u003cli\u003e\r\n\u003cdiv class=\"list-icon fa fa-check\"\u003eDaily Use Face wash \u0026ndash; It can be used by individuals looking for an oil reducing, yet gentle face wash for everyday use.\u003c/div\u003e\r\n\u003c/li\u003e\r\n\u003cli\u003e\r\n\u003cdiv class=\"list-icon fa fa-check\"\u003eMen and Women \u0026ndash; The face wash works great for both men and women. Anyone above 15 years of age can use the face wash.\u003c/div\u003e\r\n\u003c/li\u003e\r\n\u003c/ul\u003e"},{"attribute_code":"attribute_value_5","value":"\u003cul class=\"compare-list\"\u003e\r\n\u003cli\u003e\r\n\u003cdiv class=\"compare-img\"\u003e\u003cimg src=\"https://images.mamaearth.in/wysiwyg/Tea%20Tree%20Facewash%20for%20acne%20and%20pimples%2C%20100ml/Mamaearth%20Tea%20Tree%20Face%20Wash%20Better%20Than%20Other%20Acne%20Pimple%20Face%20Wash%20Options%20Available%20in%20the%20Market1.jpg\" alt=\"Mamaearth Tea Tree Face Wash Better Than Other Acne Pimple Face Wash Options Available in the Market\" /\u003e\u003c/div\u003e\r\n\u003cdiv class=\"compare-content\"\u003e\r\n\u003cul\u003e\r\n\u003cli\u003eRemoves Excess Oil\u003c/li\u003e\r\n\u003cli\u003eBrightens Skin\u003c/li\u003e\r\n\u003cli\u003eReduces Breakouts like Acne and Pimples\u003c/li\u003e\r\n\u003cli\u003eDoes Not Over-Dry Skin\u003c/li\u003e\r\n\u003c/ul\u003e\r\n\u003c/div\u003e\r\n\u003c/li\u003e\r\n\u003cli\u003e\r\n\u003cdiv class=\"compare-img\"\u003e\u003cimg src=\"https://images.mamaearth.in/wysiwyg/Tea%20Tree%20Facewash%20for%20acne%20and%20pimples%2C%20100ml/Mamaearth%20face%20wash%20for%20oily%20acne%20prone%20skin%20as%20Mamaearth%20acne%20and%20pimple%20face%20wash%20with%20tea%20tree%20oil%20and%20neem%20extract1.jpg\" alt=\"Mamaearth face wash for oily acne prone skin as Mamaearth acne and pimple face wash with tea tree oil and neem extract\" /\u003e\u003c/div\u003e\r\n\u003cdiv class=\"compare-content\"\u003e\r\n\u003cul\u003e\r\n\u003cli\u003eContains Parabens\u003c/li\u003e\r\n\u003cli\u003eContains Silicones\u003c/li\u003e\r\n\u003cli\u003eContains Mineral Oils\u003c/li\u003e\r\n\u003cli\u003eContains Artificial Fragrances\u003c/li\u003e\r\n\u003c/ul\u003e\r\n\u003c/div\u003e\r\n\u003c/li\u003e\r\n\u003c/ul\u003e"},{"attribute_code":"attribute_value_6","value":"\u003ctable style=\"width: 638px;\"\u003e\r\n\u003ctbody\u003e\r\n\u003ctr\u003e\r\n\u003ctd width=\"160\"\u003e\u003cspan\u003eIngredient\u003c/span\u003e\u003c/td\u003e\r\n\u003ctd width=\"160\"\u003e\u003cspan\u003eType\u003c/span\u003e\u003c/td\u003e\r\n\u003ctd width=\"160\"\u003e\u003cspan\u003eWhere Is It From?\u003c/span\u003e\u003c/td\u003e\r\n\u003ctd width=\"160\"\u003e\u003cspan\u003eHow It Helps?\u003c/span\u003e\u003c/td\u003e\r\n\u003c/tr\u003e\r\n\u003ctr\u003e\r\n\u003ctd width=\"160\"\u003eAqua\u003c/td\u003e\r\n\u003ctd width=\"160\"\u003eNatural\u003c/td\u003e\r\n\u003ctd width=\"160\"\u003eWater\u003c/td\u003e\r\n\u003ctd width=\"160\"\u003eDiluent\u003c/td\u003e\r\n\u003c/tr\u003e\r\n\u003ctr\u003e\r\n\u003ctd width=\"160\"\u003eSodium Lauroyl Sarcosinate\u003c/td\u003e\r\n\u003ctd width=\"160\"\u003eNatural\u003c/td\u003e\r\n\u003ctd width=\"160\"\u003ePlant-Based\u003c/td\u003e\r\n\u003ctd width=\"160\"\u003eSurfactant\u003c/td\u003e\r\n\u003c/tr\u003e\r\n\u003ctr\u003e\r\n\u003ctd width=\"160\"\u003eDisodium Cocoamphodiacetate\u003c/td\u003e\r\n\u003ctd width=\"160\"\u003eNatural\u003c/td\u003e\r\n\u003ctd width=\"160\"\u003eCoconut Oil\u003c/td\u003e\r\n\u003ctd width=\"160\"\u003eSurfactant\u003c/td\u003e\r\n\u003c/tr\u003e\r\n\u003ctr\u003e\r\n\u003ctd width=\"160\"\u003eGlycerin\u003c/td\u003e\r\n\u003ctd width=\"160\"\u003eNatural\u003c/td\u003e\r\n\u003ctd width=\"160\"\u003ePlant-Based\u003c/td\u003e\r\n\u003ctd width=\"160\"\u003eMoisturizing Agent\u003c/td\u003e\r\n\u003c/tr\u003e\r\n\u003ctr\u003e\r\n\u003ctd width=\"160\"\u003eSodium PCA\u003c/td\u003e\r\n\u003ctd width=\"160\"\u003eNatural\u003c/td\u003e\r\n\u003ctd width=\"160\"\u003ePlant-Based\u003c/td\u003e\r\n\u003ctd width=\"160\"\u003eReduces Inflammation\u003c/td\u003e\r\n\u003c/tr\u003e\r\n\u003ctr\u003e\r\n\u003ctd width=\"160\"\u003eNeem Leaf Extract\u003c/td\u003e\r\n\u003ctd width=\"160\"\u003eNatural\u003c/td\u003e\r\n\u003ctd width=\"160\"\u003eNeem\u003c/td\u003e\r\n\u003ctd width=\"160\"\u003ePurifying Agent\u003c/td\u003e\r\n\u003c/tr\u003e\r\n\u003ctr\u003e\r\n\u003ctd width=\"160\"\u003eAllantoin\u003c/td\u003e\r\n\u003ctd width=\"160\"\u003eNatural\u003c/td\u003e\r\n\u003ctd width=\"160\"\u003ePlant-Based\u003c/td\u003e\r\n\u003ctd width=\"160\"\u003eSoothes and Protects\u003c/td\u003e\r\n\u003c/tr\u003e\r\n\u003ctr\u003e\r\n\u003ctd width=\"160\"\u003eAloe Vera Extract\u003c/td\u003e\r\n\u003ctd width=\"160\"\u003eNatural\u003c/td\u003e\r\n\u003ctd width=\"160\"\u003eAloe Vera\u003c/td\u003e\r\n\u003ctd width=\"160\"\u003eNourishing Agent\u003c/td\u003e\r\n\u003c/tr\u003e\r\n\u003ctr\u003e\r\n\u003ctd width=\"160\"\u003eD Panthenol\u003c/td\u003e\r\n\u003ctd width=\"160\"\u003eNatural\u003c/td\u003e\r\n\u003ctd width=\"160\"\u003eHoney\u003c/td\u003e\r\n\u003ctd width=\"160\"\u003eAnti-Inflammatory\u003c/td\u003e\r\n\u003c/tr\u003e\r\n\u003ctr\u003e\r\n\u003ctd width=\"160\"\u003eLavender Oil\u003c/td\u003e\r\n\u003ctd width=\"160\"\u003eNatural\u003c/td\u003e\r\n\u003ctd width=\"160\"\u003eLavender\u003c/td\u003e\r\n\u003ctd width=\"160\"\u003eAnti-Septic and Anti-Inflammatory\u003c/td\u003e\r\n\u003c/tr\u003e\r\n\u003ctr\u003e\r\n\u003ctd width=\"160\"\u003eTea Tree Oil\u003c/td\u003e\r\n\u003ctd width=\"160\"\u003eNatural\u003c/td\u003e\r\n\u003ctd width=\"160\"\u003eLeaves of Tea Tree\u003c/td\u003e\r\n\u003ctd width=\"160\"\u003eAntibacterial\u003c/td\u003e\r\n\u003c/tr\u003e\r\n\u003c/tbody\u003e\r\n\u003c/table\u003e"},{"attribute_code":"attribute_value_7","value":"\u003cdiv id=\"faqs\"\u003e\r\n\u003cp\u003eWhat is a tea tree?\u003c/p\u003e\r\n\u003cp\u003eTea tree oil is an essential oil extracted from the leaves of Melaleuca alternifolia, indigenous to Australia's northeastern coast and southeast Queensland region. Also called melaleuca oil, it has a light yellow to almost transparent color with a fresh, camphoraceous smell. The oil comprises several constituent chemicals, and as it oxidizes in the presence of air, it changes composition. The tea tree was given its name by sailors in the seventeenth century who used its leaves to make nutmeg-scented tea. When it comes to skin and hair care, there are several benefits of tea tree essential oil. It serves as an alternative to traditional medical care. Conditions and symptoms affecting the skin, nails, and hair can be treated with tea tree oil. Topically applying tea tree oil can help heal specific skin issues, including inflammation and itching. The compounds in tea tree oil can potentially eradicate fungi, germs, and mites while lowering swelling and minimizing allergic skin responses. Its anti-inflammatory and antiseptic properties help boost wound healing, preventing infection in cuts. Tea tree oil helps treat athletes’ feet, toenail fungus, and acne. It also helps treat hair concerns like dandruff and itchy scalp owing to its antifungal properties.\u003c/p\u003e\r\n\u003cp\u003eWhat are the uses of tea tree face wash?\u003c/p\u003e\r\n\u003cp\u003eTea tree face wash is a skincare product used to wash off impurities, grime, and traces of makeup from your skin. It can be used twice daily for the most significant benefits. Here are some uses of tea tree face wash:- Reduces Inflammation: The fear of skin irritation is a common reason why people with sensitive skin types avoid trying new skincare products. If you’re new to skincare, tea tree oil can help combat various skin concerns, including inflammation. Its anti-inflammatory properties reduce swelling and redness around the acne. Prevents acne and scars: Acne and scars can be quite troublesome, so it is important to use skincare products that are gentle on acne-sensitive skin. Because tea tree has antimicrobial and anti-inflammatory qualities, using a face wash enriched with it can help treat and reduce acne. In addition to clearing up acne, it is also effective in removing scars and dark spots, leaving you with a clear and spotless skin complexion. Helps maintain psoriasis and eczema. Tea tree oil is helpful for soothing itchy, dry, and inflamed skin. Power packed with anti-inflammatory and antibacterial properties, tea tree face wash can help maintain skin irritation caused by eczema. Besides, tea tree oil has skin-healing properties to release signs of eczema flares. Treats wounds and cuts- Tea tree oil has strong and potent antibacterial qualities, making it an extremely advantageous ingredient for your facial skin. It helps heal minor wounds and abrasions, including signs of sun damage on the skin. Regularly using tea tree-enriched face wash can help with many skin conditions, including minor cuts caused by shaving.\u003c/p\u003e\r\n\u003cp\u003eWhat are the benefits of tea tree face wash?\u003c/p\u003e\r\n\u003cp\u003eTea tree oil is among the most beneficial ingredients in skincare products. It is exceptionally good for oily and acne-prone skin. Tea tree face wash helps cleanse your skin, and its exfoliating properties work towards unclogging pores. That’s why it’s so effective on skin that often acts as a bacterial minefield. Its strength is in its capacity to reduce inflammation and soothe sensitive skin while regulating sebum production. Although tea tree oil is frequently used to treat acne, it has other uses. Additionally, even though it works well for oily skin, different skin types can still try it. Learn more about the advantages of face washing with tea tree oil. Prevents acne \u0026amp; acne marks- The tea tree is an excellent cleanser for irritated skin with clogged pores due to its well-known antibacterial, anti-inflammatory, and antimicrobial qualities. It is a well-liked and popular ingredient for reducing redness, swelling, irritated skin, and all forms of inflammation. In addition, regular usage can help scars and acne spots disappear over time. Manages oily skin- The production of sebum in your skin can also be balanced by using a face cleanser infused with tea tree oil. Tea tree’s antibacterial qualities fight oily skin and prevent shine in general. Unclogs pore: Exposure to environmental stressors, including pollutants, can clog pores where bacteria start to grow gradually. Using tea tree face wash can also help decongest pores and remove dirt and grime. For oily and acne-prone skin, it is a must-have to wash off the face with a tea tree face wash. Inflammatory reaction- The anti-inflammatory properties of the tea tree are well-known. This helps in calming and reducing skin irritation of any kind. Additionally, it helps in the healing of skin infections and breakouts, so it is best for those who experience frequent acne and breakouts. Enhances skin tone- Tea tree face washes help promote healthy skin because of their numerous skin-benefiting properties. It enhances the overall health of the skin and brightens your complexion. It also helps to lighten and fade imperfections, hyperpigmentation, and acne scars with consistent usage.\u003c/p\u003e\r\n\u003cp\u003eHow do you use Mamaearth tea tree face wash?\u003c/p\u003e\r\n\u003cp\u003eMamaearth Tea Tree Face Wash features Tree Tea Oil, Aloe Vera, and Neem. The powerful and potent ingredients work towards eliminating dirt, traces of makeup, and grime from the skin’s surface while untrapping pores. It is a safe and effective formulation that gently works for all skin types. However, to get the most out of it, you should use it as follows:- Step 1: Take a coin-sized amount of Mamaearth Tea Tree Face Wash onto your palm and apply it on damp skin. Step 2: Work up a mild lather, massaging gently on your T-zone. Avoid the area around your eyes. Step 3: Rinse off with tap water. Pat dry your face with a dry, clean towel. Step 4: Follow it up with Mamaearth Tea Tree Oil-free Face Moisturizer.\u003c/p\u003e\r\n\u003cp\u003eIs tea tree face wash safe for the skin?\u003c/p\u003e\r\n\u003cp\u003eWhen it comes to skincare, tea tree is one of the most beneficial ingredients, especially for oily and acne-prone skin. This potent component, well-known for eliminating bacteria and germs right away, is frequently found in face washes and bath and body products. The most effective tea tree face wash regulates the overproduction of sebum on your skin and cleanses your skin from the inside out. Ideally, tea tree face wash made with gentle and toxin-free ingredients is safe for all skin types. However, we still recommend doing a patch test to rule out any chance of skin allergy. If you’re looking for a natural and toxin-free tea tree face wash for your skin, we recommend using Mamaearth Tea Tree Face Wash featuring Neem, Aloe Vera, and Tea Tree Oil. It is a gentle cleanser that takes care of your skin while making it look healthy and spotless. It is a dermatologically tested formula free of harsh chemicals and toxins like SLES, sulfates, phenols, and artificial fragrances.\u003c/p\u003e\r\n\u003cp\u003eWhat are the benefits of Mamaearth tea tree face wash for pimples?\u003c/p\u003e\r\n\u003cp\u003eMamaearth Tea Tree Face Wash for pimples comes with amazing benefits from skin-purifying ingredients like Neem and Tea Tree Oil. Acne and pimples face wash helps in controlling pimple breakouts, removing excess oil from the facial skin, and has amazing antibacterial properties that help in keeping your skin happy, healthy, and supple.\u003c/p\u003e\r\n\u003cp\u003eIs Mamaearth Face Wash for pimples good for oily skin?\u003c/p\u003e\r\n\u003cp\u003eWe suggest you use Mamaearth Tea Tree Oil Face Wash for oily skin. It deeply moisturizes and hydrates the skin cells, and is perfect for oily and sensitive skin. Men and women of all age groups can use it, and so can teenagers above 15 years of age.\u003c/p\u003e\r\n\u003cp\u003eWhich should be applied first, moisturizer or sunscreen? \u003c/p\u003e\r\n\u003cp\u003eMoisturizer should be applied first. A skincare product with a higher SPF after your moisturizer will help shield your skin from the sun’s harmful UV rays because these products are specially designed with specific sun-protective ingredients. Therefore, after cleansing your face, it is essential to apply your favorite moisturizer, followed by a high-SPF sunscreen, for maximum protection and hydration.\u003c/p\u003e\r\n\u003cp\u003eHow Often Should I Use Mamaearth tea tree face wash?\u003c/p\u003e\r\n\u003cp\u003eUse this Mama earth pimple face wash regularly, twice a day for best results.\u003c/p\u003e\r\n\u003cp\u003eHow Long Will It Take for The Best Face Wash for Pimples To Show Results?\u003c/p\u003e\r\n\u003cp\u003eAs the tea tree face wash for acne is made of natural ingredients; hence, it will depend on your problem area. However, visible results should be seen within 8 weeks of regular use.\u003c/p\u003e\r\n\u003cp\u003eCan teenagers use this mamaearth face wash acne and pimple?\u003c/p\u003e\r\n\u003cp\u003eAbsolutely, it can be used by anyone above 15 years of age as it is made with the best natural and toxin-free ingredients, which are ideal for young skin. Mamaearth face wash for oily skin and pimples price 100ml pack is Rs.249.\u003c/p\u003e\r\n\u003cp\u003eWill this mamaearth face wash with tea tree oil and neem extract make my skin dry?\u003c/p\u003e\r\n\u003cp\u003eYou should always moisturize your skin after cleansing with a Mamaearth anti acne and pimple face wash.\u003c/p\u003e\r\n\u003cp\u003eIs tea tree oil good for hormonal acne?\u003c/p\u003e\r\n\u003cp\u003eTea Tree oil has anti-inflammatory and antibacterial properties, which help treat acne from within when it is constantly used. You should apply a small amount of diluted Tea Tree oil with other essential oils to achieve clean and dry skin, focusing on acne-prone areas.\u003c/p\u003e\r\n\u003cp\u003eCan We Use Tea Tree Face Wash Daily?\u003c/p\u003e\r\n\u003cp\u003eMamaearth Tea Tree Facewash contains natural ingredients, free of any harmful chemicals, and dermatologically tested. This mamaearth face wash acne and pimple is recommended to use Tea Tree face wash twice a day to prevent acne by removing skin’s impurities.\u003c/p\u003e\r\n\u003cp\u003eHow long does Tea Tree take to clear acne?\u003c/p\u003e\r\n\u003cp\u003eTo evaluate Tea Tree's benefits for your skin, you should use it consistently for at least a few weeks to achieve ideal results. According to skincare experts, Tea Tree shows visible effects on the skin, especially oily and acne-prone skin with open pores. Its anti-inflammatory and antibacterial properties help in gently purifying the skin from within.  It allows an individual to achieve healthy and clear skin with constant usage.\u003c/p\u003e\r\n\u003cp\u003eDoes Mamaearth face wash remove blackheads?\u003c/p\u003e\r\n\u003cp\u003eYes, Mamaearth Tea tree face wash is very efficient for the blackheads problems. This product is chemical free and democratically tested.\u003c/p\u003e\r\n\u003cp\u003eWhat is the Mamaearth tea tree face wash price?\u003c/p\u003e\r\n\u003cp\u003eThe Mamaearth face wash for oily skin and pimples price 100 ml is Rs.249.\u003c/p\u003e\r\n\u003cp\u003eWhat are the Mamaearth tea tree face wash uses?\u003c/p\u003e\r\n\u003cp\u003eMamaearth tea tree face wash is the combination of Aloe vera, Neem and tea tree oil. This mamaearth face wash for acne prone skin helps gently reduce and prevent the development of acne and pimples by controlling excess oil secretion.\u003c/p\u003e\r\n\u003cp\u003eIs Mamaearth face wash good for acne?\u003c/p\u003e\r\n\u003cp\u003eYes, This Mamaearth face wash is good for acne prone skin. This product naturally treats the acne with benefits of all of it's natural ingredients.\u003c/p\u003e\r\n\u003cp\u003eDoes Tea Tree Face Wash darken skin?\u003c/p\u003e\r\n\u003cp\u003eNo, Tea Tree Face Wash does not darken the skin. Toxin-free Tea Tree Face Cleansers help promote healthy skin thanks to their several skin-loving benefits. They brighten your complexion and enhance the overall look of your skin by helping to lighten and fade away acne scars, hyperpigmentation, and blemishes. \u003c/p\u003e\r\n\u003cp\u003eHow often should I use Tea Tree Face Wash?\u003c/p\u003e\r\n\u003cp\u003eOily skin troubles like hormonal breakouts, acne marks, pimples, blackheads, etc., are too diverse to understand. But, if you have oily skin, you may use Tea Tree Face Wash twice daily to clean dirt, grime, and impurities from your skin. Tea tree has anti-inflammatory and antibacterial properties, so it helps to heal acne and calm irritated skin without harming your skin in any manner.\u003c/p\u003e\r\n\u003cp\u003eIs tree face wash good for your face?\u003c/p\u003e\r\n\u003cp\u003eTea Tree Face Wash has antibacterial and anti-inflammatory properties to help oily skin woes. It gently cleanses the skin and controls sebum production while maintaining the skin’s pH. It decongests clogged pores, minimizes their appearance, and reduces acne marks and spots. If you have oily skin and want toxin-free options to treat acne, we recommend you try Mamaearth’s Tea Tree Face Wash, featuring Neem and Tea Tree Oil. This dermatologically-tested and pH-balanced formula takes gentle care of your skin while making it look healthy and glowing. It also controls acne and pimples, regulates oil production and gives you clear and healthier skin with every wash.\u003c/p\u003e\r\n\u003cp\u003e \u003c/p\u003e\r\n\u003c/div\u003e"},{"attribute_code":"meta_keyword","value":"mamaearth acne and pimple face wash, mamaearth acne pimple face wash, mamaearth pimple face wash, mamaearth acne and pimple face wash, mamaearth pimple clear face wash, mamaearth face wash with tea tree oil and neem extract, mamaearth face wash acne and pimple, is mamaearth face wash good, mamaearth tea tree face wash, tea tree oil face wash, neem and tea tree face wash, tea tree foaming face wash, mamaearth face wash for oily skin, face wash for pimples, acne pimple face wash, mama earth pimple face wash, mamaearth pimple and acne face wash, mamaearth acne and pimple face wash, mama earth acne face wash, mamaearth face wash for blemishes, mamaearth face wash for oily acne prone skin, mamaearth all skin type face wash"},{"attribute_code":"bestseller","value":"best-sellers"},{"attribute_code":"special_from_date","value":"2023-08-24 13:17:00"}],"hide_in_front":0,"image":"/p/r/product_with_ingrident_copy.jpg","is_in_stock":true,"name":"Tea Tree Oil Control Face Wash, 100ml","position":"4","price":"269.00","product_card_tags":"Controls Acne \u0026 Pimples | Removes Excess Oil","review_count":749,"sku":"8906087770664","special_price":"","special_price_from_date":{"date":"2023-08-24 18:47:00","timezone_type":3,"timezone":"Asia/Kolkata"},"tags":"trending","url_key":"tea-tree-face-wash","imageAltTags":["mamaearth tea tree face wash uses","mamaearth tea tree face wash toxin-free"],"configurable_option":{"attribute_id":232,"option_id":491,"attribute_label":"teatree_facewash_variants","title":"100ml","swatch_data":{"swatch_id":728,"option_id":491,"store_id":1,"type":0,"value":"100ml"}},"siblings":[{"id":1544,"sku":"8904417319200","name":"Tea Tree Oil Control Face Wash with Tea Tree \u0026 Neem for Normal to Oily Skin - 150 ml","url_key":"tea-tree-oil-control-face-wash-with-tea-tree-neem-for-normal-to-oily-skin-150-ml","price":"399.00","is_in_stock":false,"custom_attributes":[{"attribute_code":"saving_scheme","value":"price_per_100_ml"},{"attribute_code":"volume","value":"150"}],"special_price":"","parent_id":807,"attribute_id":232,"option_id":492,"parent_sku":"10005","attribute_label":"teatree_facewash_variants","title":"150ml","swatch_data":{"swatch_id":730,"option_id":492,"store_id":1,"type":0,"value":"150ml"},"special_from_date":{"date":"2025-03-22 05:30:00","timezone_type":3,"timezone":"Asia/Kolkata"}},{"id":258,"sku":"8906087773917","name":"Tea Tree Face Wash with Neem for Acne and Pimples - 250ml","url_key":"tea-tree-face-wash-with-neem-for-acne-pimples-250ml","price":"499.00","is_in_stock":true,"custom_attributes":[{"attribute_code":"saving_scheme","value":"price_per_100_ml"},{"attribute_code":"volume","value":"250"}],"special_price":"349.00","parent_id":807,"attribute_id":232,"option_id":493,"parent_sku":"10005","attribute_label":"teatree_facewash_variants","title":"250ml","swatch_data":{"swatch_id":732,"option_id":493,"store_id":1,"type":0,"value":"250ml"},"special_from_date":{"date":"2025-05-20 05:30:00","timezone_type":3,"timezone":"Asia/Kolkata"}},{"id":143,"sku":"8906087771586","name":"Tea Tree Facewash for acne and pimples, Pack Of 2 - 100ml*2","url_key":"tea-tree-facewash-for-acne-and-pimples-pack-of-2","price":"538.00","is_in_stock":true,"custom_attributes":[{"attribute_code":"saving_scheme","value":"save_rs_x"},{"attribute_code":"volume","value":"0"}],"special_price":"484.00","parent_id":807,"attribute_id":232,"option_id":494,"parent_sku":"10005","attribute_label":"teatree_facewash_variants","title":"100ml (Pack of 2)","swatch_data":{"swatch_id":734,"option_id":494,"store_id":1,"type":0,"value":"100ml (Pack of 2)"},"special_from_date":{"date":"2025-05-24 00:01:00","timezone_type":3,"timezone":"Asia/Kolkata"}}],"product_subtitle_keys":["Buy 1 Get 1 FREE"," Face Wash"," Tea Tree"],"size":"100ml","unitPrice":"2.69/ml","old_productid":"36771","generic_name":null}]},{"categId":33,"title":"Hair Care","description":"\u003cp\u003eExplore 100% toxin-free and safe Hair products, formulated with the goodness of natural ingredients and no harmful chemicals.\u003c/p\u003e","position":6,"shopLink":"/product-category/hair","products":[{"id":1130,"tier_prices":[],"avg_rating_percent":99,"categories":[2,27,39,272,45,162,338,324,353,356,295,163,160,158,393,421,377,33],"created_at":"2024-01-03 06:07:41","custom_attributes":[{"attribute_code":"manufacturer","value":"(A) Indo Herbal Products, Unit-2, Plot No. 28-29, Sector 1B, IIE, SIDCUL, Ranipur, Haridwar, 249403 Regd. Address: - C-84 Panchsheel Enclave, New Delhi, India – 110017  M. : 20/C/U.A/2010."},{"attribute_code":"meta_title","value":"Rosemary Anti-Hair Fall Shampoo with Rosemary \u0026 Methi Dana for Reducing Hair Loss \u0026 Breakage - 400 ml"},{"attribute_code":"meta_description","value":"Rosemary Anti-Hair Fall Shampoo with Rosemary \u0026 Methi Dana for Reducing Hair Loss \u0026 Breakage - 400 ml"},{"attribute_code":"image","value":"/3/_/3_58.jpg"},{"attribute_code":"small_image","value":"/3/_/3_58.jpg"},{"attribute_code":"thumbnail","value":"/3/_/3_58.jpg"},{"attribute_code":"options_container","value":"container2"},{"attribute_code":"small_image_label","value":"rosemary shampoo"},{"attribute_code":"thumbnail_label","value":"rosemary shampoo"},{"attribute_code":"country_of_manufacture","value":"IN"},{"attribute_code":"url_key","value":"rosemary-anti-hair-fall-shampoo-400ml"},{"attribute_code":"msrp_display_actual_price_type","value":"0"},{"attribute_code":"gift_message_available","value":"2"},{"attribute_code":"swatch_image","value":"/3/_/3_58.jpg"},{"attribute_code":"attribute_label_1","value":"About Rosemary Anti Hair Fall Shampoo"},{"attribute_code":"attribute_label_2","value":"Key Ingredients"},{"attribute_code":"attribute_label_3","value":"How to Use"},{"attribute_code":"attribute_label_4","value":"Who can Use"},{"attribute_code":"attribute_label_5","value":"Why Mamaearth"},{"attribute_code":"attribute_label_6","value":"Ingredient List"},{"attribute_code":"attribute_label_7","value":"FAQS"},{"attribute_code":"best_before","value":"24 Months"},{"attribute_code":"dimensions","value":"10 * 5 * 5 cm"},{"attribute_code":"ean_code","value":"8904417310351"},{"attribute_code":"mrp","value":"549"},{"attribute_code":"old_productid","value":"1120"},{"attribute_code":"tags","value":"best-seller"},{"attribute_code":"marketed_by","value":"Honasa Consumer Limited, 10th and 11th Floor, Capital Cyberscape, Sector 59, Gurugram, Haryana, 122101"},{"attribute_code":"live_url","value":"https://mamaearth.in/product/rosemary-anti-hair-fall-shampoo-400ml"},{"attribute_code":"license_no","value":"20/C/U.A/2010, 2/C/U.A/2023"},{"attribute_code":"length","value":"10"},{"attribute_code":"google_category","value":"2915"},{"attribute_code":"cms_sequence","value":"1,2,3,4,5,6,7,8"},{"attribute_code":"width","value":"5"},{"attribute_code":"height","value":"5"},{"attribute_code":"breadcrumb_category","value":"39","title":"Best Shampoo for Hair Growth","url_key":"hair-shampoo"},{"attribute_code":"custom_product_type","value":"be_hair"},{"attribute_code":"brand","value":"4"},{"attribute_code":"product_card_tags","value":"Gives up to 94% Stronger Hair | Up to 93% Less Hair Fall | Made Safe Certified"},{"attribute_code":"saving_scheme","value":"price_per_100_ml"},{"attribute_code":"product_subtitle_keys","value":"Buy 1 Get 1 FREE, Shampoo, Rosemary"},{"attribute_code":"is_suitable_for_skin_type","value":"465","label":"normal"},{"attribute_code":"hair_goals","value":"477,479","label":"hair strengthening, hair fall reduction"},{"attribute_code":"tax_class_id","value":"2"},{"attribute_code":"create_scarcity","value":"0"},{"attribute_code":"hide_product_infront","value":"0"},{"attribute_code":"show_in_feed","value":"1"},{"attribute_code":"base_category","value":"85"},{"attribute_code":"base_sub_category","value":"73"},{"attribute_code":"key_ingredient","value":"507"},{"attribute_code":"show_price_per_unit","value":"1"},{"attribute_code":"volume","value":"400"},{"attribute_code":"enable_fbt_popup","value":"0"},{"attribute_code":"rosemary_shampoo_swatch","value":"554"},{"attribute_code":"strikethrough","value":"1"},{"attribute_code":"short_description","value":"\u003cp\u003e\u003cspan style=\"font-weight: 400;\"\u003eStruggling with excessive hair loss? Mamaearth Rosemary Anti-Hair Fall Shampoo to the rescue! Crafted with the natural goodness of Rosemary, a super potent herb that’s proven to stimulate hair growth. The shampoo is also infused with Methi Dana - a time-tested ingredient that helps control hair fall. \u003c/span\u003e\u003c/p\u003e\r\n\u003cp\u003e\u003cspan style=\"font-weight: 400;\"\u003eTogether, this power-packed duo packs quite a punch. In turn, the Rosemary Anti-Hair Fall Shampoo gives you up to 94% stronger hair* and results in up to 93% less hair fall*. Rosemary strengthens weakened hair follicles and promotes hair growth while Methi Dana is extremely effective in controlling hair fall. It also strengthens the hair follicles and curbs hair shedding. The Rosemary Anti-Hair Fall Shampoo gently cleanses your scalp and hair while fortifying your locks with its nutrient-rich formulation. \u003c/span\u003e\u003c/p\u003e\r\n\u003cp\u003e\u003cspan style=\"font-weight: 400;\"\u003eThat’s not all, Rosemary Anti-Hair Fall Shampoo is also Made Safe Certified, which means it contains no toxins or harmful chemicals and is enriched with nature’s finest ingredients. \u003c/span\u003e\u003c/p\u003e\r\n\u003cp\u003e\u003cspan style=\"font-weight: 400;\"\u003e*Post 3 washes of Mamaearth Rosemary Anti-Hair Fall Shampoo \u0026amp; Conditioner vs Non-Conditioning Shampoo, based on clinical studies done in an independent facility in 2023 (Hair Fall due to breakage).\u003c/span\u003e\u003c/p\u003e"},{"attribute_code":"attribute_value_1","value":"\u003cdiv class=\"list-banner\"\u003e\u003cimg src=\"https://images.mamaearth.in/wysiwyg/rosemary_400ml_aplus.jpg\" alt=\"Mamaearth Rosemary Shampoo\" /\u003e\r\n\u003cp style=\"text-align: center;\"\u003eMamaearth Rosemary Shampoo\u003c/p\u003e\r\n\u003c/div\u003e"},{"attribute_code":"attribute_value_2","value":"\u003cul class=\"woodmart-list\"\u003e\r\n\u003cli\u003e\r\n\u003cdiv class=\"list-icon\"\u003e\u003cimg loading=\"lazy\" src=\"https://images.mamaearth.in/wysiwyg/05-06-2023/1.jpg\" alt=\"rosemary oil in shampoo\" width=\"180\" height=\"180\" /\u003e\u003c/div\u003e\r\n\u003cspan class=\"list-content\" style=\"text-align: justify;\"\u003e\u003cstrong\u003eRosemary: \u003c/strong\u003eIt seeps into the hair follicles and stimulates hair growth.\u003c/span\u003e\u003c/li\u003e\r\n\u003cli\u003e\r\n\u003cdiv class=\"list-icon\"\u003e\u003cimg loading=\"lazy\" src=\"https://images.mamaearth.in/wysiwyg/05-06-2023/2.jpg\" alt=\"methi dana in shampoo\" width=\"165\" height=\"140\" /\u003e\u003c/div\u003e\r\n\u003cspan class=\"list-content\" style=\"text-align: justify;\"\u003e\u003cstrong\u003eMethi Dana: \u003c/strong\u003e Rich in antioxidants, it helps control hair fall. \u003c/span\u003e\u003c/li\u003e\r\n\u003c/ul\u003e"},{"attribute_code":"attribute_value_3","value":"\u003cul\u003e\r\n\u003cli\u003e\u003cspan class=\"list-content\"\u003e\u003cstrong\u003eStep 1 : \u003c/strong\u003e Take a coin-sized amount of the Rosemary Anti-Hair Fall Shampoo\u003c/span\u003e\u003c/li\u003e\r\n\u003cli\u003e\u003cspan class=\"list-content\"\u003e\u003cstrong\u003eStep 2 : \u003c/strong\u003eApply on your scalp and work up a lather.\u003c/span\u003e\u003c/li\u003e\r\n\u003cli\u003e\u003cspan class=\"list-content\"\u003e\u003cstrong\u003eStep 3 : \u003c/strong\u003eRinse it off thoroughly.\u003c/span\u003e\u003c/li\u003e\r\n\u003cli\u003e\u003cspan class=\"list-content\"\u003e\u003cstrong\u003eStep 4 : \u003c/strong\u003eFollow it up with Mamaearth Rosemary Anti-Hair Fall Conditioner.\u003c/span\u003e\u003c/li\u003e\r\n\u003c/ul\u003e"},{"attribute_code":"attribute_value_4","value":"\u003cul style=\"list-style: disc; padding-left: 1em;\"\u003e\r\n\u003cli\u003e\u003cspan class=\"list-content\"\u003eEveryone above the age of 18 years can use this\u003c/span\u003e\u003c/li\u003e\r\n\u003cli\u003e\r\n\u003cdiv class=\"list-icon fa fa-check\"\u003eSuitable for all hair types\u003c/div\u003e\r\n\u003c/li\u003e\r\n\u003c/ul\u003e"},{"attribute_code":"attribute_value_5","value":"\u003cul class=\"compare-list\"\u003e\r\n\u003cli\u003e\r\n\u003cdiv class=\"compare-img\"\u003e\u003cimg src=\"https://images.mamaearth.in/wysiwyg/rosemary_400ml_white_bg.jpg\" alt=\"rosemary shampoo\" width=\"1201\" height=\"1200\" /\u003e\u003c/div\u003e\r\n\u003cdiv class=\"compare-content\"\u003e\r\n\u003cul\u003e\r\n\u003cli\u003eGives up to 94% Stronger Hair\u003c/li\u003e\r\n\u003cli\u003eUp to 93% Less Hair Fall\u003c/li\u003e\r\n\u003cli\u003eGently Cleanses\u003c/li\u003e\r\n\u003cli\u003eControls Hair Fall\u003c/li\u003e\r\n\u003cli\u003eSuitable For All Hair Types\u003c/li\u003e\r\n\u003cli\u003eDermatologically Tested\u003c/li\u003e\r\n\u003cli\u003eMade Safe Certified\u003c/li\u003e\r\n\u003c/ul\u003e\r\n\u003c/div\u003e\r\n\u003c/li\u003e\r\n\u003cli\u003e\r\n\u003cdiv class=\"compare-img\"\u003e\u003cimg src=\"https://images.mamaearth.in/wysiwyg/Attribute_Images/Oil-Bottle-300x300.jpg\" alt=\"\" /\u003e\u003c/div\u003e\r\n\u003cdiv class=\"compare-content\"\u003e\r\n\u003cul\u003e\r\n\u003cli\u003eDoesn’t Strengthen Hair\u003c/li\u003e\r\n\u003cli\u003eNo Hair Fall Reduction\u003c/li\u003e\r\n\u003cli\u003eHarsh on the Scalp and Hair\u003c/li\u003e\r\n\u003cli\u003eDoesn’t Control Hair Growth\u003c/li\u003e\r\n\u003cli\u003eNot Suitable For All Hair Types\u003c/li\u003e\r\n\u003cli\u003eNot Dermatologically Tested\u003c/li\u003e\r\n\u003cli\u003eNot Made Safe Certified\u003c/li\u003e\r\n\u003c/ul\u003e\r\n\u003c/div\u003e\r\n\u003c/li\u003e\r\n\u003c/ul\u003e"},{"attribute_code":"attribute_value_6","value":"\u003ctable\u003e\r\n\u003ctbody\u003e\r\n\u003ctr\u003e\r\n\u003ctd\u003e\r\n\u003cp\u003e\u003cstrong\u003eIngredients\u003c/strong\u003e\u003c/p\u003e\r\n\u003c/td\u003e\r\n\u003ctd\u003e\r\n\u003cp\u003e\u003cstrong\u003eType\u003c/strong\u003e\u003c/p\u003e\r\n\u003c/td\u003e\r\n\u003ctd\u003e\r\n\u003cp\u003e\u003cstrong\u003eWhere Is It From?\u003c/strong\u003e\u003c/p\u003e\r\n\u003c/td\u003e\r\n\u003ctd\u003e\r\n\u003cp\u003e\u003cstrong\u003eHow It Helps?\u003c/strong\u003e\u003c/p\u003e\r\n\u003c/td\u003e\r\n\u003c/tr\u003e\r\n\u003ctr\u003e\r\n\u003ctd\u003e\r\n\u003cp\u003e\u003cspan style=\"font-weight: 400;\"\u003eAqua\u003c/span\u003e\u003c/p\u003e\r\n\u003c/td\u003e\r\n\u003ctd\u003e\r\n\u003cp\u003e\u003cspan style=\"font-weight: 400;\"\u003eNatural\u003c/span\u003e\u003c/p\u003e\r\n\u003c/td\u003e\r\n\u003ctd\u003e\r\n\u003cp\u003e\u003cspan style=\"font-weight: 400;\"\u003ePlant-Based\u003c/span\u003e\u003c/p\u003e\r\n\u003c/td\u003e\r\n\u003ctd\u003e\r\n\u003cp\u003e\u003cspan style=\"font-weight: 400;\"\u003eEmollient\u003c/span\u003e\u003c/p\u003e\r\n\u003c/td\u003e\r\n\u003c/tr\u003e\r\n\u003ctr\u003e\r\n\u003ctd\u003e\r\n\u003cp\u003e\u003cspan style=\"font-weight: 400;\"\u003eCocamidopropyl Betaine\u003c/span\u003e\u003c/p\u003e\r\n\u003c/td\u003e\r\n\u003ctd\u003e\r\n\u003cp\u003e\u003cspan style=\"font-weight: 400;\"\u003eNatural\u003c/span\u003e\u003c/p\u003e\r\n\u003c/td\u003e\r\n\u003ctd\u003e\r\n\u003cp\u003e\u003cspan style=\"font-weight: 400;\"\u003ePlant-Based\u003c/span\u003e\u003c/p\u003e\r\n\u003c/td\u003e\r\n\u003ctd\u003e\r\n\u003cp\u003e\u003cspan style=\"font-weight: 400;\"\u003eEmulsifying Agent\u003c/span\u003e\u003c/p\u003e\r\n\u003c/td\u003e\r\n\u003c/tr\u003e\r\n\u003ctr\u003e\r\n\u003ctd\u003e\r\n\u003cp\u003e\u003cspan style=\"font-weight: 400;\"\u003eSodium Lauroyl Sarcosinate\u003c/span\u003e\u003c/p\u003e\r\n\u003c/td\u003e\r\n\u003ctd\u003e\r\n\u003cp\u003e\u003cspan style=\"font-weight: 400;\"\u003eSynthetic\u003c/span\u003e\u003c/p\u003e\r\n\u003c/td\u003e\r\n\u003ctd\u003e\r\n\u003cp\u003e\u003cspan style=\"font-weight: 400;\"\u003eLab-Synthesized\u003c/span\u003e\u003c/p\u003e\r\n\u003c/td\u003e\r\n\u003ctd\u003e\r\n\u003cp\u003e\u003cspan style=\"font-weight: 400;\"\u003eCleansing Agent\u003c/span\u003e\u003c/p\u003e\r\n\u003c/td\u003e\r\n\u003c/tr\u003e\r\n\u003ctr\u003e\r\n\u003ctd\u003e\r\n\u003cp\u003e\u003cspan style=\"font-weight: 400;\"\u003eSodium Cocoyl Isethionate\u003c/span\u003e\u003c/p\u003e\r\n\u003c/td\u003e\r\n\u003ctd\u003e\r\n\u003cp\u003e\u003cspan style=\"font-weight: 400;\"\u003eSynthetic\u003c/span\u003e\u003c/p\u003e\r\n\u003c/td\u003e\r\n\u003ctd\u003e\r\n\u003cp\u003e\u003cspan style=\"font-weight: 400;\"\u003eLab-Synthesized\u003c/span\u003e\u003c/p\u003e\r\n\u003c/td\u003e\r\n\u003ctd\u003e\r\n\u003cp\u003e\u003cspan style=\"font-weight: 400;\"\u003eSurfactant\u003c/span\u003e\u003c/p\u003e\r\n\u003c/td\u003e\r\n\u003c/tr\u003e\r\n\u003ctr\u003e\r\n\u003ctd\u003e\r\n\u003cp\u003e\u003cspan style=\"font-weight: 400;\"\u003eDisodium Cocoyl Glutamate\u003c/span\u003e\u003c/p\u003e\r\n\u003c/td\u003e\r\n\u003ctd\u003e\r\n\u003cp\u003e\u003cspan style=\"font-weight: 400;\"\u003eSynthetic\u003c/span\u003e\u003c/p\u003e\r\n\u003c/td\u003e\r\n\u003ctd\u003e\r\n\u003cp\u003e\u003cspan style=\"font-weight: 400;\"\u003eLab-Synthesized\u003c/span\u003e\u003c/p\u003e\r\n\u003c/td\u003e\r\n\u003ctd\u003e\r\n\u003cp\u003e\u003cspan style=\"font-weight: 400;\"\u003eSurfactant\u003c/span\u003e\u003c/p\u003e\r\n\u003c/td\u003e\r\n\u003c/tr\u003e\r\n\u003ctr\u003e\r\n\u003ctd\u003e\r\n\u003cp\u003e\u003cspan style=\"font-weight: 400;\"\u003eCocamide MEA\u003c/span\u003e\u003c/p\u003e\r\n\u003c/td\u003e\r\n\u003ctd\u003e\r\n\u003cp\u003e\u003cspan style=\"font-weight: 400;\"\u003eSynthetic\u003c/span\u003e\u003c/p\u003e\r\n\u003c/td\u003e\r\n\u003ctd\u003e\r\n\u003cp\u003e\u003cspan style=\"font-weight: 400;\"\u003eLab-Synthesized\u003c/span\u003e\u003c/p\u003e\r\n\u003c/td\u003e\r\n\u003ctd\u003e\r\n\u003cp\u003e\u003cspan style=\"font-weight: 400;\"\u003eSurfactant\u003c/span\u003e\u003c/p\u003e\r\n\u003c/td\u003e\r\n\u003c/tr\u003e\r\n\u003ctr\u003e\r\n\u003ctd\u003e\r\n\u003cp\u003e\u003cspan style=\"font-weight: 400;\"\u003e Rosmarinus Officinalis (Rosemary) Leaf Extract\u003c/span\u003e\u003c/p\u003e\r\n\u003c/td\u003e\r\n\u003ctd\u003e\r\n\u003cp\u003e\u003cspan style=\"font-weight: 400;\"\u003eSynthetic\u003c/span\u003e\u003c/p\u003e\r\n\u003c/td\u003e\r\n\u003ctd\u003e\r\n\u003cp\u003e\u003cspan style=\"font-weight: 400;\"\u003eLab-Synthesized\u003c/span\u003e\u003c/p\u003e\r\n\u003c/td\u003e\r\n\u003ctd\u003e\r\n\u003cp\u003e\u003cspan style=\"font-weight: 400;\"\u003eBoosts Hair Growth\u003c/span\u003e\u003c/p\u003e\r\n\u003c/td\u003e\r\n\u003c/tr\u003e\r\n\u003ctr\u003e\r\n\u003ctd\u003e\r\n\u003cp\u003e\u003cspan style=\"font-weight: 400;\"\u003eGlycerin\u003c/span\u003e\u003c/p\u003e\r\n\u003c/td\u003e\r\n\u003ctd\u003e\r\n\u003cp\u003e\u003cspan style=\"font-weight: 400;\"\u003eNatural\u003c/span\u003e\u003c/p\u003e\r\n\u003c/td\u003e\r\n\u003ctd\u003e\r\n\u003cp\u003e\u003cspan style=\"font-weight: 400;\"\u003ePlant-Based\u003c/span\u003e\u003c/p\u003e\r\n\u003c/td\u003e\r\n\u003ctd\u003e\r\n\u003cp\u003e\u003cspan style=\"font-weight: 400;\"\u003eHumectant\u003c/span\u003e\u003c/p\u003e\r\n\u003c/td\u003e\r\n\u003c/tr\u003e\r\n\u003ctr\u003e\r\n\u003ctd\u003e\r\n\u003cp\u003e\u003cspan style=\"font-weight: 400;\"\u003eGlycol Stearate\u003c/span\u003e\u003c/p\u003e\r\n\u003c/td\u003e\r\n\u003ctd\u003e\r\n\u003cp\u003e\u003cspan style=\"font-weight: 400;\"\u003eNatural\u003c/span\u003e\u003c/p\u003e\r\n\u003c/td\u003e\r\n\u003ctd\u003e\r\n\u003cp\u003e\u003cspan style=\"font-weight: 400;\"\u003ePlant-Based\u003c/span\u003e\u003c/p\u003e\r\n\u003c/td\u003e\r\n\u003ctd\u003e\r\n\u003cp\u003e\u003cspan style=\"font-weight: 400;\"\u003eSurfactant\u003c/span\u003e\u003c/p\u003e\r\n\u003c/td\u003e\r\n\u003c/tr\u003e\r\n\u003ctr\u003e\r\n\u003ctd\u003e\r\n\u003cp\u003e\u003cspan style=\"font-weight: 400;\"\u003eAcrylamidopropyltrimonium \u003c/span\u003e\u003c/p\u003e\r\n\u003cp\u003e\u003cspan style=\"font-weight: 400;\"\u003eChloride/Acrylamide Copolymer\u003c/span\u003e\u003c/p\u003e\r\n\u003c/td\u003e\r\n\u003ctd\u003e\r\n\u003cp\u003e\u003cspan style=\"font-weight: 400;\"\u003eSynthetic\u003c/span\u003e\u003c/p\u003e\r\n\u003c/td\u003e\r\n\u003ctd\u003e\r\n\u003cp\u003e\u003cspan style=\"font-weight: 400;\"\u003eLab-Synthesized\u003c/span\u003e\u003c/p\u003e\r\n\u003c/td\u003e\r\n\u003ctd\u003e\r\n\u003cp\u003e\u003cspan style=\"font-weight: 400;\"\u003eAnti-Static Agent\u003c/span\u003e\u003c/p\u003e\r\n\u003c/td\u003e\r\n\u003c/tr\u003e\r\n\u003ctr\u003e\r\n\u003ctd\u003e\r\n\u003cp\u003e\u003cspan style=\"font-weight: 400;\"\u003ePhenoxyethanol\u003c/span\u003e\u003c/p\u003e\r\n\u003c/td\u003e\r\n\u003ctd\u003e\r\n\u003cp\u003e\u003cspan style=\"font-weight: 400;\"\u003eSynthetic\u003c/span\u003e\u003c/p\u003e\r\n\u003c/td\u003e\r\n\u003ctd\u003e\r\n\u003cp\u003e\u003cspan style=\"font-weight: 400;\"\u003eLab-Synthesized\u003c/span\u003e\u003c/p\u003e\r\n\u003c/td\u003e\r\n\u003ctd\u003e\r\n\u003cp\u003e\u003cspan style=\"font-weight: 400;\"\u003ePreservative\u003c/span\u003e\u003c/p\u003e\r\n\u003c/td\u003e\r\n\u003c/tr\u003e\r\n\u003ctr\u003e\r\n\u003ctd\u003e\r\n\u003cp\u003e\u003cspan style=\"font-weight: 400;\"\u003eEthylhexylglycerin\u003c/span\u003e\u003c/p\u003e\r\n\u003c/td\u003e\r\n\u003ctd\u003e\r\n\u003cp\u003e\u003cspan style=\"font-weight: 400;\"\u003eNatural\u003c/span\u003e\u003c/p\u003e\r\n\u003c/td\u003e\r\n\u003ctd\u003e\r\n\u003cp\u003e\u003cspan style=\"font-weight: 400;\"\u003ePlant-Based\u003c/span\u003e\u003c/p\u003e\r\n\u003c/td\u003e\r\n\u003ctd\u003e\r\n\u003cp\u003e\u003cspan style=\"font-weight: 400;\"\u003eEmollient\u003c/span\u003e\u003c/p\u003e\r\n\u003c/td\u003e\r\n\u003c/tr\u003e\r\n\u003ctr\u003e\r\n\u003ctd\u003e\r\n\u003cp\u003e\u003cspan style=\"font-weight: 400;\"\u003eIFRA Certified Allergen Free Fragrance\u003c/span\u003e\u003c/p\u003e\r\n\u003c/td\u003e\r\n\u003ctd\u003e\r\n\u003cp\u003e\u003cspan style=\"font-weight: 400;\"\u003eSynthetic\u003c/span\u003e\u003c/p\u003e\r\n\u003c/td\u003e\r\n\u003ctd\u003e\r\n\u003cp\u003e\u003cspan style=\"font-weight: 400;\"\u003eLab-Synthesized\u003c/span\u003e\u003c/p\u003e\r\n\u003c/td\u003e\r\n\u003ctd\u003e\r\n\u003cp\u003e\u003cspan style=\"font-weight: 400;\"\u003eFragrance\u003c/span\u003e\u003c/p\u003e\r\n\u003c/td\u003e\r\n\u003c/tr\u003e\r\n\u003ctr\u003e\r\n\u003ctd\u003e\r\n\u003cp\u003e\u003cspan style=\"font-weight: 400;\"\u003eSodium Benzoate\u003c/span\u003e\u003c/p\u003e\r\n\u003c/td\u003e\r\n\u003ctd\u003e\r\n\u003cp\u003e\u003cspan style=\"font-weight: 400;\"\u003eSynthetic\u003c/span\u003e\u003c/p\u003e\r\n\u003c/td\u003e\r\n\u003ctd\u003e\r\n\u003cp\u003e\u003cspan style=\"font-weight: 400;\"\u003eLab-Synthesized\u003c/span\u003e\u003c/p\u003e\r\n\u003c/td\u003e\r\n\u003ctd\u003e\r\n\u003cp\u003e\u003cspan style=\"font-weight: 400;\"\u003ePreservative\u003c/span\u003e\u003c/p\u003e\r\n\u003c/td\u003e\r\n\u003c/tr\u003e\r\n\u003ctr\u003e\r\n\u003ctd\u003e\r\n\u003cp\u003e\u003cspan style=\"font-weight: 400;\"\u003eHydroxypropylgluconamide /Hydroxypropylammonium Gluconate\u003c/span\u003e\u003c/p\u003e\r\n\u003c/td\u003e\r\n\u003ctd\u003e\r\n\u003cp\u003e\u003cspan style=\"font-weight: 400;\"\u003eSynthetic\u003c/span\u003e\u003c/p\u003e\r\n\u003c/td\u003e\r\n\u003ctd\u003e\r\n\u003cp\u003e\u003cspan style=\"font-weight: 400;\"\u003eLab-Synthesized\u003c/span\u003e\u003c/p\u003e\r\n\u003c/td\u003e\r\n\u003ctd\u003e\r\n\u003cp\u003e\u003cspan style=\"font-weight: 400;\"\u003eHair Strengthening Agent\u003c/span\u003e\u003c/p\u003e\r\n\u003c/td\u003e\r\n\u003c/tr\u003e\r\n\u003ctr\u003e\r\n\u003ctd\u003e\r\n\u003cp\u003e\u003cspan style=\"font-weight: 400;\"\u003eCitric Acid\u003c/span\u003e\u003c/p\u003e\r\n\u003c/td\u003e\r\n\u003ctd\u003e\r\n\u003cp\u003e\u003cspan style=\"font-weight: 400;\"\u003eNatural\u003c/span\u003e\u003c/p\u003e\r\n\u003c/td\u003e\r\n\u003ctd\u003e\r\n\u003cp\u003e\u003cspan style=\"font-weight: 400;\"\u003ePlant-Based\u003c/span\u003e\u003c/p\u003e\r\n\u003c/td\u003e\r\n\u003ctd\u003e\r\n\u003cp\u003e\u003cspan style=\"font-weight: 400;\"\u003epH Adjuster\u003c/span\u003e\u003c/p\u003e\r\n\u003c/td\u003e\r\n\u003c/tr\u003e\r\n\u003ctr\u003e\r\n\u003ctd\u003e\r\n\u003cp\u003e\u003cspan style=\"font-weight: 400;\"\u003eGuar \u003c/span\u003e\u003c/p\u003e\r\n\u003c/td\u003e\r\n\u003ctd\u003e\r\n\u003cp\u003e\u003cspan style=\"font-weight: 400;\"\u003eNatural\u003c/span\u003e\u003c/p\u003e\r\n\u003c/td\u003e\r\n\u003ctd\u003e\r\n\u003cp\u003e\u003cspan style=\"font-weight: 400;\"\u003ePlant-Based\u003c/span\u003e\u003c/p\u003e\r\n\u003c/td\u003e\r\n\u003ctd\u003e\r\n\u003cp\u003e\u003cspan style=\"font-weight: 400;\"\u003eThickening Agent\u003c/span\u003e\u003c/p\u003e\r\n\u003c/td\u003e\r\n\u003c/tr\u003e\r\n\u003ctr\u003e\r\n\u003ctd\u003e\r\n\u003cp\u003e\u003cspan style=\"font-weight: 400;\"\u003eHydroxypropyltrimonium Chloride\u003c/span\u003e\u003c/p\u003e\r\n\u003c/td\u003e\r\n\u003ctd\u003e\r\n\u003cp\u003e\u003cspan style=\"font-weight: 400;\"\u003eSynthetic\u003c/span\u003e\u003c/p\u003e\r\n\u003c/td\u003e\r\n\u003ctd\u003e\r\n\u003cp\u003e\u003cspan style=\"font-weight: 400;\"\u003eLab-Synthesized\u003c/span\u003e\u003c/p\u003e\r\n\u003c/td\u003e\r\n\u003ctd\u003e\r\n\u003cp\u003e\u003cspan style=\"font-weight: 400;\"\u003epH Adjuster\u003c/span\u003e\u003c/p\u003e\r\n\u003c/td\u003e\r\n\u003c/tr\u003e\r\n\u003ctr\u003e\r\n\u003ctd\u003e\r\n\u003cp\u003e\u003cspan style=\"font-weight: 400;\"\u003ePolyquaternium-10\u003c/span\u003e\u003c/p\u003e\r\n\u003c/td\u003e\r\n\u003ctd\u003e\r\n\u003cp\u003e\u003cspan style=\"font-weight: 400;\"\u003eNatural\u003c/span\u003e\u003c/p\u003e\r\n\u003c/td\u003e\r\n\u003ctd\u003e\r\n\u003cp\u003e\u003cspan style=\"font-weight: 400;\"\u003ePlant-Based\u003c/span\u003e\u003c/p\u003e\r\n\u003c/td\u003e\r\n\u003ctd\u003e\r\n\u003cp\u003e\u003cspan style=\"font-weight: 400;\"\u003ePromotes Hair Growth\u003c/span\u003e\u003c/p\u003e\r\n\u003c/td\u003e\r\n\u003c/tr\u003e\r\n\u003ctr\u003e\r\n\u003ctd\u003e\r\n\u003cp\u003e\u003cspan style=\"font-weight: 400;\"\u003eHydrolyzed Lupine \u003c/span\u003e\u003c/p\u003e\r\n\u003c/td\u003e\r\n\u003ctd\u003e\r\n\u003cp\u003e\u003cspan style=\"font-weight: 400;\"\u003eNatural\u003c/span\u003e\u003c/p\u003e\r\n\u003c/td\u003e\r\n\u003ctd\u003e\r\n\u003cp\u003e\u003cspan style=\"font-weight: 400;\"\u003ePlant-Based\u003c/span\u003e\u003c/p\u003e\r\n\u003c/td\u003e\r\n\u003ctd\u003e\r\n\u003cp\u003e\u003cspan style=\"font-weight: 400;\"\u003eHair Strengthening Agent\u003c/span\u003e\u003c/p\u003e\r\n\u003c/td\u003e\r\n\u003c/tr\u003e\r\n\u003ctr\u003e\r\n\u003ctd\u003e\r\n\u003cp\u003e\u003cspan style=\"font-weight: 400;\"\u003eProtein Triolein\u003c/span\u003e\u003c/p\u003e\r\n\u003c/td\u003e\r\n\u003ctd\u003e\r\n\u003cp\u003e\u003cspan style=\"font-weight: 400;\"\u003eSynthetic\u003c/span\u003e\u003c/p\u003e\r\n\u003c/td\u003e\r\n\u003ctd\u003e\r\n\u003cp\u003e\u003cspan style=\"font-weight: 400;\"\u003eLab-Synthesized\u003c/span\u003e\u003c/p\u003e\r\n\u003c/td\u003e\r\n\u003ctd\u003e\r\n\u003cp\u003e\u003cspan style=\"font-weight: 400;\"\u003eEmollient\u003c/span\u003e\u003c/p\u003e\r\n\u003c/td\u003e\r\n\u003c/tr\u003e\r\n\u003ctr\u003e\r\n\u003ctd\u003e\r\n\u003cp\u003e\u003cspan style=\"font-weight: 400;\"\u003eSodium Gluconate\u003c/span\u003e\u003c/p\u003e\r\n\u003c/td\u003e\r\n\u003ctd\u003e\r\n\u003cp\u003e\u003cspan style=\"font-weight: 400;\"\u003eNatural\u003c/span\u003e\u003c/p\u003e\r\n\u003c/td\u003e\r\n\u003ctd\u003e\r\n\u003cp\u003e\u003cspan style=\"font-weight: 400;\"\u003ePlant-Based\u003c/span\u003e\u003c/p\u003e\r\n\u003c/td\u003e\r\n\u003ctd\u003e\r\n\u003cp\u003e\u003cspan style=\"font-weight: 400;\"\u003eChelating Agent\u003c/span\u003e\u003c/p\u003e\r\n\u003c/td\u003e\r\n\u003c/tr\u003e\r\n\u003ctr\u003e\r\n\u003ctd\u003e\r\n\u003cp\u003e\u003cspan style=\"font-weight: 400;\"\u003ePanthenol\u003c/span\u003e\u003c/p\u003e\r\n\u003c/td\u003e\r\n\u003ctd\u003e\r\n\u003cp\u003e\u003cspan style=\"font-weight: 400;\"\u003eNatural\u003c/span\u003e\u003c/p\u003e\r\n\u003c/td\u003e\r\n\u003ctd\u003e\r\n\u003cp\u003e\u003cspan style=\"font-weight: 400;\"\u003ePlant-Based\u003c/span\u003e\u003c/p\u003e\r\n\u003c/td\u003e\r\n\u003ctd\u003e\r\n\u003cp\u003e\u003cspan style=\"font-weight: 400;\"\u003eEmollient\u003c/span\u003e\u003c/p\u003e\r\n\u003c/td\u003e\r\n\u003c/tr\u003e\r\n\u003ctr\u003e\r\n\u003ctd\u003e\r\n\u003cp\u003e\u003cspan style=\"font-weight: 400;\"\u003eTrigonella Foenum Graecum (Methi) Seed Oil\u003c/span\u003e\u003c/p\u003e\r\n\u003c/td\u003e\r\n\u003ctd\u003e\r\n\u003cp\u003e\u003cspan style=\"font-weight: 400;\"\u003eNatural\u003c/span\u003e\u003c/p\u003e\r\n\u003c/td\u003e\r\n\u003ctd\u003e\r\n\u003cp\u003e\u003cspan style=\"font-weight: 400;\"\u003ePlant-Based\u003c/span\u003e\u003c/p\u003e\r\n\u003c/td\u003e\r\n\u003ctd\u003e\r\n\u003cp\u003e\u003cspan style=\"font-weight: 400;\"\u003eHair Fall Control\u003c/span\u003e\u003c/p\u003e\r\n\u003c/td\u003e\r\n\u003c/tr\u003e\r\n\u003c/tbody\u003e\r\n\u003c/table\u003e"},{"attribute_code":"attribute_value_7","value":"\u003cdiv id=\"faqs\"\u003e\r\n\u003cp\u003eHow to use Rosemary oil with shampoo?\u003c/p\u003e\r\n\u003cp\u003e-If you’re looking for a way to use a shampoo with rosemary oil, then a better alternative than Rosemary Oil is to opt for Rosemary Anti-Hair Fall Shampoo by Mamaearth. Besides Rosemary, it contains Methi Dana, which helps control hair loss \u0026amp; breakage and gives stronger hair. You can also look up to Mamaearth Rosemary Hair Fall Control Kit if you find a natural way to curb hair loss. These hair care products are toxin-free and purely safe.\u003c/p\u003e\r\n\u003cp\u003eWhat does rosemary shampoo do for your hair?\u003c/p\u003e\r\n\u003cp\u003eThe Mamaearth Rosemary Shampoo for hair is backed by Rosemary and Methi Dana, which helps control hair loss by up to 93% and strengthens your hair by up to 94%. It also helps gently cleans the scalp and hair by providing a boost of essential nutrients, promoting hair growth.\u003c/p\u003e\r\n\u003cp\u003eIs rosemary shampoo good for you?\u003c/p\u003e\r\n\u003cp\u003eYes, of course! Rosemary shampoo is good for your hair health. It has immense nourishing properties that help boost hair growth, control hair fall, strengthen your hair, and enable gentle cleansing with ease.\u003c/p\u003e\r\n\u003cp\u003eDoes rosemary shampoo help hair grow?\u003c/p\u003e\r\n\u003cp\u003eYes, definitely! Rosemary shampoo provides essential nutrients and keeps the scalp \u0026amp; hair follicles clean, which helps in boosting hair growth. For instance, Mamaearth Rosemary Anti-Hair Fall Shampoo has the nourishing properties of Rosemary Oil and Methi Dana. Together, they combine to promote hair growth and control hair fall to provide up to 94% stronger, smoother hair. It is natural, nourishing, and devoid of toxins and harmful chemicals.\u003c/p\u003e\r\n\u003cp\u003eHow Often Can I Use Mamaearth Rosemary shampoo?\u003c/p\u003e\r\n\u003cp\u003eWe recommend using the Rosemary Anti-Hair Fall Shampoo 2-3 times a week. We also recommend including the Rosemary Hair Growth Oil and Rosemary Anti-Hair Fall Conditioner in your hair care routine to strengthen and condition your hair.\u003c/p\u003e\r\n\u003cp\u003eCan I use rosemary shampoo every day?\u003c/p\u003e\r\n\u003cp\u003eYes! It is safe to use the best rosemary shampoo for hair growth every day. But, we advise you not to wash your hair with shampoo daily as it may rip off the moisture from the hair follicles \u0026amp; scalp and dehydrate them. Instead, we suggest using it twice or thrice a week per your hair requirements to maintain effective hydration and care.\u003c/p\u003e\r\n\u003cp\u003eWhat are the Rosemary shampoo ingredients?\u003c/p\u003e\r\n\u003cp\u003eThe Mamaearth Rosemary Anti-Hair Fall Shampoo is backed by key ingredients like Rosemary and Methi Dana, which help curb hair loss and promote stronger hair growth.\u003c/p\u003e\r\n\u003cp\u003eCan Men Use Mamaearth Rosemary shampoo for hair fall?\u003c/p\u003e\r\n\u003cp\u003eYes, anyone struggling with hair fall can use this Rosemary Anti-Hair Fall Shampoo.\u003c/p\u003e\r\n\u003cp\u003eWill Rosemary shampoo Make My Scalp Dry?\u003c/p\u003e\r\n\u003cp\u003eNo, Rosemary Anti-Hair Fall Shampoo will not make your scalp dry. It will gently cleanse your scalp without stripping it of its essential moisture. It is crafted to nourish and hydrate your scalp and hair.\u003c/p\u003e\r\n\u003cp\u003eWill Rosemary shampoo Reduce Hair Loss?\u003c/p\u003e\r\n\u003cp\u003eYes, crafted with the power-packed duo of Rosemary and Methi Dana, the Rosemary Anti-Hair Fall Shampoo will result in up to 93% less hair fall.\u003c/p\u003e\r\n\u003cp\u003eDoes Rosemary Shampoo promote hair growth?\u003c/p\u003e\r\n\u003cp\u003eWith rosemary shampoo trending all over the internet, it is essential to learn about the beneficial properties of rosemary in your hair care regime and your daily hair requirements. Rosemary is a crucial ingredient that helps strengthen weak hair follicles and promotes hair growth. We recommend trying out Mamaearth Rosemary Shampoo for that additional dose of nourishment. This shampoo contains Methi Dana, an ancient remedy that reduces hair loss, while Rosemary improves weak hair follicles and encourages hair growth. It also inhibits hair loss and fortifies hair follicles. With its nutrient-rich composition, the Rosemary Anti-Hair Fall Shampoo strengthens your locks while gently cleansing your scalp and hair. The best part? It is toxin-free and suitable for all hair types.\u003c/p\u003e\r\n\u003c/div\u003e"},{"attribute_code":"tag_keywords","value":"Rosemary , Rosemary Shampoo, Rosemary for Hair Fall, Rosemary Shampoo, Rosemary for Hair Fall Control, Methi Dana for Hair Fall Control, Rosemary for Hair Strengthening, Rosemary for stronger hair,Clinically tested Rosemary Shampoo, Methi Dana for Hair Strengthening, Methi Dana for Stronger hair, Hair Fall, Hair Loss, Anti-Hair Fall, Hair Fall Control, Rosemary , Methi Dana, Toxin-Free, Cruelty-Free, PETA Certified"},{"attribute_code":"meta_keyword","value":"Rosemary Anti-Hair Fall Shampoo with Rosemary \u0026 Methi Dana for Reducing Hair Loss \u0026 Breakage - 400 ml"},{"attribute_code":"special_from_date","value":"2024-05-10 07:39:00"}],"hide_in_front":0,"image":"/3/_/3_58.jpg","imageAltTags":[],"is_in_stock":true,"name":"Rosemary Anti-Hair Fall Shampoo with Rosemary \u0026 Methi Dana for Reducing Hair Loss \u0026 Breakage - 400 ml","position":"5","price":"559.00","product_card_tags":"Gives up to 94% Stronger Hair | Up to 93% Less Hair Fall | Made Safe Certified","review_count":25,"sku":"8904417310351","special_price":"","special_price_from_date":{"date":"2024-05-10 13:09:00","timezone_type":3,"timezone":"Asia/Kolkata"},"tags":"best-seller","url_key":"rosemary-anti-hair-fall-shampoo-400ml","configurable_option":{"attribute_id":282,"option_id":554,"attribute_label":"Rosemary_Shampoo_Swatch","title":"400 ml","swatch_data":{"swatch_id":814,"option_id":554,"store_id":1,"type":0,"value":"400 ml"}},"siblings":[{"id":959,"sku":"8904417307740","name":"Rosemary Anti-Hair Fall Shampoo with Rosemary \u0026 Methi Dana for Reducing Hair Loss \u0026 Breakage - 250 ml","url_key":"rosemary-anti-hair-fall-shampoo-250ml","price":"349.00","is_in_stock":true,"custom_attributes":[{"attribute_code":"saving_scheme","value":"price_per_100_ml"},{"attribute_code":"volume","value":"250"}],"special_price":"","parent_id":1133,"attribute_id":282,"option_id":553,"parent_sku":"3563887982","attribute_label":"Rosemary_Shampoo_Swatch","title":"250 ml","swatch_data":{"swatch_id":812,"option_id":553,"store_id":1,"type":0,"value":"250 ml"},"special_from_date":{"date":"2023-08-24 18:58:00","timezone_type":3,"timezone":"Asia/Kolkata"}},{"id":1284,"sku":"8904417315073","name":"Rosemary Anti-Hair Fall Shampoo with Rosemary \u0026 Methi Dana for Reducing Hair Loss \u0026 Breakage - 600 ml","url_key":"rosemary-anti-hair-fall-shampoo-600ml","price":"839.00","is_in_stock":true,"custom_attributes":[{"attribute_code":"saving_scheme","value":"price_per_100_ml"},{"attribute_code":"volume","value":"600"}],"special_price":"","parent_id":1133,"attribute_id":282,"option_id":555,"parent_sku":"3563887982","attribute_label":"Rosemary_Shampoo_Swatch","title":"600 ml","swatch_data":{"swatch_id":816,"option_id":555,"store_id":1,"type":0,"value":"600 ml"}},{"id":1205,"sku":"8904417313864","name":"Rosemary Anti-Hair Fall Shampoo with Rosemary \u0026 Methi Dana for Reducing Hair Loss \u0026 Breakage - 250 ml (Pack of 2)","url_key":"rosemary-anti-hair-fall-shampoo-250ml-pack-of-2","price":"698.00","is_in_stock":true,"custom_attributes":[{"attribute_code":"saving_scheme","value":"price_per_100_ml"},{"attribute_code":"volume","value":"500"}],"special_price":"628.00","parent_id":1133,"attribute_id":282,"option_id":557,"parent_sku":"3563887982","attribute_label":"Rosemary_Shampoo_Swatch","title":"250 ml (Pack of 2)","swatch_data":{"swatch_id":820,"option_id":557,"store_id":1,"type":0,"value":"250 ml (Pack of 2)"},"special_from_date":{"date":"2025-05-24 00:01:00","timezone_type":3,"timezone":"Asia/Kolkata"}}],"product_subtitle_keys":["Buy 1 Get 1 FREE"," Shampoo"," Rosemary"],"size":"400ml","unitPrice":"1.40/ml","old_productid":"1120","generic_name":null},{"id":756,"tier_prices":[],"avg_rating_percent":96,"categories":[2,27,39,68,158,161,164,160,162,108,322,31,359,295,163,393,377,33],"created_at":"2022-12-13 05:53:15","custom_attributes":[{"attribute_code":"manufacturer","value":"NG Electro Products Pvt. Ltd., Unit II, Plot No. 36, HIMUDA Industrial Area, Phase – IV, Bhatolikalan, Baddi, Distt. Solan, (H.P) - 173205"},{"attribute_code":"meta_title","value":"Mamaearth Lemon Shampoo with Ginger for Dandruff free Scalp -250ml"},{"attribute_code":"meta_description","value":"Lemon Shampoo with Ginger and lemon to reduce dandruff and frizz, and soothes itchy scalp. Lemon for dandruff control works great, try it today!"},{"attribute_code":"image","value":"/l/e/lemon_anti-dandruff_shampoo_250ml.jpg"},{"attribute_code":"small_image","value":"/l/e/lemon_anti-dandruff_shampoo_250ml.jpg"},{"attribute_code":"thumbnail","value":"/l/e/lemon_anti-dandruff_shampoo_250ml.jpg"},{"attribute_code":"options_container","value":"container2"},{"attribute_code":"small_image_label","value":"anti dandruff shampoo, dandruff shampoo, anti hair fall shampoo, scalp shampoo"},{"attribute_code":"thumbnail_label","value":"anti dandruff shampoo, dandruff shampoo, anti hair fall shampoo, scalp shampoo"},{"attribute_code":"country_of_manufacture","value":"IN"},{"attribute_code":"url_key","value":"lemon-anti-dandruff-shampoo-with-lemon-ginger-for-up-to-100-dandruff-itch-free-scalp-250-ml"},{"attribute_code":"msrp_display_actual_price_type","value":"0"},{"attribute_code":"gift_message_available","value":"2"},{"attribute_code":"swatch_image","value":"/l/e/lemon_anti-dandruff_shampoo_250ml.jpg"},{"attribute_code":"attribute_label_1","value":"About Lemon Anti-Dandruff Shampoo"},{"attribute_code":"attribute_label_2","value":"Hero Ingredients"},{"attribute_code":"attribute_label_3","value":"How to Use"},{"attribute_code":"attribute_label_4","value":"Who can Use"},{"attribute_code":"attribute_label_5","value":"Why Mamaearth"},{"attribute_code":"attribute_label_6","value":"Ingredient List"},{"attribute_code":"attribute_label_7","value":"FAQ's"},{"attribute_code":"best_before","value":"24 Months"},{"attribute_code":"dimensions","value":"10*5*5"},{"attribute_code":"mrp","value":"349"},{"attribute_code":"old_productid","value":"848"},{"attribute_code":"tags","value":"best-seller"},{"attribute_code":"marketed_by","value":"Honasa Consumer Limited, 10th and 11th Floor, Capital Cyberscape, Sector 59, Gurugram, Haryana, 122101"},{"attribute_code":"live_url","value":"https://mamaearth.in/product/lemon-anti-dandruff-shampoo-with-lemon-ginger-for-up-to-100-dandruff-itch-free-scalp-250-ml"},{"attribute_code":"license_no","value":"HIM/COS/18/266"},{"attribute_code":"length","value":"10"},{"attribute_code":"google_category","value":"2915"},{"attribute_code":"cms_sequence","value":"1,2,3,4,5,6,7,8"},{"attribute_code":"width","value":"5"},{"attribute_code":"height","value":"5"},{"attribute_code":"breadcrumb_category","value":"158","title":"Anti Dandruff Shampoo","url_key":"anti-dandruff-shampoo"},{"attribute_code":"custom_product_type","value":"be_hair"},{"attribute_code":"brand","value":"4"},{"attribute_code":"product_card_tags","value":"Reduces Up to 100% Dandruff | Soothes Itchiness"},{"attribute_code":"saving_scheme","value":"price_per_100_ml"},{"attribute_code":"product_subtitle_keys","value":"Buy 1 Get 1 FREE, Shampoo, Lemon"},{"attribute_code":"is_suitable_for_skin_type","value":"465","label":"normal"},{"attribute_code":"hair_goals","value":"478,476,484","label":"dandruff reduction, oil control, soft and shiny hair"},{"attribute_code":"tax_class_id","value":"2"},{"attribute_code":"create_scarcity","value":"0"},{"attribute_code":"hide_product_infront","value":"0"},{"attribute_code":"show_in_feed","value":"1"},{"attribute_code":"base_category","value":"85"},{"attribute_code":"base_sub_category","value":"73"},{"attribute_code":"show_price_per_unit","value":"1"},{"attribute_code":"volume","value":"250"},{"attribute_code":"enable_fbt_popup","value":"0"},{"attribute_code":"enable_product_for_wa_commerce","value":"0"},{"attribute_code":"strikethrough","value":"1"},{"attribute_code":"lemon_shampoo","value":"354"},{"attribute_code":"short_description","value":"\u003cp\u003e\u003cspan style=\"font-weight: 400;\"\u003eGot an itchy \u0026amp; flaky scalp? Time to go tough on dandruff with Mamaearth Lemon Anti-Dandruff Shampoo. Crafted with the natural goodness of Lemon \u0026amp; Ginger, the shampoo gently cleanses flakes \u0026amp; excess oil from your scalp, keeping you 100%* dandruff and itch-free. Lemon has anti-fungal properties which help combat dandruff and Ginger soothes itchiness \u0026amp; irritation. It also contains Zinc Pyrithione, another power-packed ingredient that is proven to limit fungal growth and prevent dandruff. The best part? Our Lemon Anti-Dandruff Shampoo does all this without drying out your tresses, making them softer \u0026amp; shinier. And it’s Made Safe certified which means no toxins or harmful chemicals, just nature’s goodness. \u003c/span\u003e\u003c/p\u003e"},{"attribute_code":"attribute_value_2","value":"\u003cul class=\"woodmart-list\"\u003e\r\n\u003cli\u003e\r\n\u003cdiv class=\"list-icon\"\u003e\u003cimg loading=\"lazy\" src=\"https://images.mamaearth.in/wysiwyg/13-12-2022%20lemon/Picture5.jpg\" alt=\"Almond Glow Serum Foundation Vitamin C\" /\u003e\u003c/div\u003e\r\n\u003cspan class=\"list-content\" style=\"text-align: justify;\"\u003e\u003cstrong\u003eLemon:\u003c/strong\u003eIt helps keep dandruff and flakes at bay.\u003c/span\u003e\u003c/li\u003e\r\n\u003cli\u003e\r\n\u003cdiv class=\"list-icon\"\u003e\u003cimg loading=\"lazy\" src=\"https://images.mamaearth.in/wysiwyg/13-12-2022%20lemon/Picture6.jpg\" alt=\"Almond Glow Serum Foundation with Turmeric\" /\u003e\u003c/div\u003e\r\n\u003cspan class=\"list-content\" style=\"text-align: justify;\"\u003e\u003cstrong\u003eGinger: \u003c/strong\u003eIt soothes dry and itchy scalp. \u003c/span\u003e\u003c/li\u003e\r\n\u003cli\u003e\r\n\u003cdiv class=\"list-icon\"\u003e\u003cimg loading=\"lazy\" src=\"https://images.mamaearth.in/wysiwyg/13-12-2022%20lemon/Picture7.jpg\" alt=\"Almond Glow Serum Foundation with Turmeric\" /\u003e\u003c/div\u003e\r\n\u003cspan class=\"list-content\" style=\"text-align: justify;\"\u003e\u003cstrong\u003eZinc Pyrithione: \u003c/strong\u003e With antifungal \u0026amp; antibacterial properties, it controls dandruff.\u003c/span\u003e\u003c/li\u003e\r\n\u003c/ul\u003e"},{"attribute_code":"attribute_value_3","value":"\u003cul\u003e\r\n\u003cli\u003e\u003cspan class=\"list-content\"\u003e\u003cstrong\u003eStep 1 : \u003c/strong\u003eTake a coin-sized amount.\u003c/span\u003e\u003c/li\u003e\r\n\u003cli\u003e\u003cspan class=\"list-content\"\u003e\u003cstrong\u003eStep 2 : \u003c/strong\u003eApply on your hair and work up a lather. \u003c/span\u003e\u003c/li\u003e\r\n\u003cli\u003e\u003cspan class=\"list-content\"\u003e\u003cstrong\u003eStep 3: \u003c/strong\u003eRinse it off thoroughly.\u003c/span\u003e\u003c/li\u003e\r\n\u003cli\u003e\u003cspan class=\"list-content\"\u003e\u003cstrong\u003eStep 4: \u003c/strong\u003eFollow it up with Mamaearth Lemon Anti-Dandruff Conditioner.\u003c/span\u003e\u003c/li\u003e\r\n\u003c/ul\u003e"},{"attribute_code":"attribute_value_4","value":"\u003cul style=\"list-style: disc; padding-left: 1em;\"\u003e\r\n\u003cli\u003e\u003cspan class=\"list-content\"\u003eEveryone above the age of 18 years can use this\u003c/span\u003e\u003c/li\u003e\r\n\u003cli\u003e\u003cspan class=\"list-content\"\u003eSuitable for all hair types\u003c/span\u003e\u003c/li\u003e\r\n\u003c/ul\u003e"},{"attribute_code":"attribute_value_5","value":"\u003cul class=\"compare-list\"\u003e\r\n\u003cli\u003e\r\n\u003cdiv class=\"compare-img\"\u003e \u003c/div\u003e\r\n\u003cdiv class=\"compare-content\"\u003e\r\n\u003cul\u003e\r\n\u003cli\u003eReduces up to 100% Dandruff\u003c/li\u003e\u003cli\u003e\r\nGently Cleanses Hair\u003c/li\u003e\u003cli\u003e\r\nLeaves Scalp Up to 100% Itch-Free\u003c/li\u003e\u003cli\u003e\r\nSuitable For All Hair Types\u003c/li\u003e\u003cli\u003e\r\nDermatologically Tested\u003c/li\u003e\u003cli\u003e\r\nMade Safe Certified\u003c/li\u003e\r\n\u003c/ul\u003e\r\n\u003c/div\u003e\r\n\u003c/li\u003e\r\n\u003cli\u003e\r\n\u003cdiv class=\"compare-img\"\u003e \u003c/div\u003e\r\n\u003cdiv class=\"compare-content\"\u003e\r\n\u003cul\u003e\r\n\u003cli\u003eDoesn’t Reduce Dandruff\u003c/li\u003e\r\n\u003cli\u003eHarsh on the Scalp\u003c/li\u003e\r\n\u003cli\u003eDoesn’t Soothe IItchiness\u003c/li\u003e\r\n\u003cli\u003eNot Suitable For All Hair Types\u003c/li\u003e\r\n\u003cli\u003eNot Dermatologically Tested\u003c/li\u003e\r\n\u003cli\u003eNot Made Safe Certified\u003c/li\u003e\r\n\u003c/ul\u003e\r\n\u003c/div\u003e\r\n\u003c/li\u003e\r\n\u003c/ul\u003e"},{"attribute_code":"attribute_value_6","value":"\u003ctable\u003e\r\n\u003ctbody\u003e\r\n\u003ctr\u003e\r\n\u003ctd\u003e\r\n\u003cp\u003e\u003cstrong\u003eIngredients\u003c/strong\u003e\u003c/p\u003e\r\n\u003c/td\u003e\r\n\u003ctd\u003e\r\n\u003cp\u003e\u003cstrong\u003eType\u003c/strong\u003e\u003c/p\u003e\r\n\u003c/td\u003e\r\n\u003ctd\u003e\r\n\u003cp\u003e\u003cstrong\u003eWhere Is It From?\u003c/strong\u003e\u003c/p\u003e\r\n\u003c/td\u003e\r\n\u003ctd\u003e\r\n\u003cp\u003e\u003cstrong\u003eHow It Helps?\u003c/strong\u003e\u003c/p\u003e\r\n\u003c/td\u003e\r\n\u003c/tr\u003e\r\n\u003ctr\u003e\r\n\u003ctd\u003e\r\n\u003cp\u003e\u003cspan style=\"font-weight: 400;\"\u003eAqua\u003c/span\u003e\u003c/p\u003e\r\n\u003c/td\u003e\r\n\u003ctd\u003e\r\n\u003cp\u003e\u003cspan style=\"font-weight: 400;\"\u003eNatural\u003c/span\u003e\u003c/p\u003e\r\n\u003c/td\u003e\r\n\u003ctd\u003e\r\n\u003cp\u003e\u003cspan style=\"font-weight: 400;\"\u003eWater\u003c/span\u003e\u003c/p\u003e\r\n\u003c/td\u003e\r\n\u003ctd\u003e\r\n\u003cp\u003e\u003cspan style=\"font-weight: 400;\"\u003eDiluent\u003c/span\u003e\u003c/p\u003e\r\n\u003c/td\u003e\r\n\u003c/tr\u003e\r\n\u003ctr\u003e\r\n\u003ctd\u003e\r\n\u003cp\u003e\u003cspan style=\"font-weight: 400;\"\u003eSodium Cocoyl Isethionate\u003c/span\u003e\u003c/p\u003e\r\n\u003c/td\u003e\r\n\u003ctd\u003e\r\n\u003cp\u003e\u003cspan style=\"font-weight: 400;\"\u003eNatural\u003c/span\u003e\u003c/p\u003e\r\n\u003c/td\u003e\r\n\u003ctd\u003e\r\n\u003cp\u003e\u003cspan style=\"font-weight: 400;\"\u003ePlant-Based\u003c/span\u003e\u003c/p\u003e\r\n\u003c/td\u003e\r\n\u003ctd\u003e\r\n\u003cp\u003e\u003cspan style=\"font-weight: 400;\"\u003eSurfactant\u003c/span\u003e\u003c/p\u003e\r\n\u003c/td\u003e\r\n\u003c/tr\u003e\r\n\u003ctr\u003e\r\n\u003ctd\u003e\r\n\u003cp\u003e\u003cspan style=\"font-weight: 400;\"\u003eSodium Lauroyl Sarcosinate\u003c/span\u003e\u003c/p\u003e\r\n\u003c/td\u003e\r\n\u003ctd\u003e\r\n\u003cp\u003e\u003cspan style=\"font-weight: 400;\"\u003eNatural\u003c/span\u003e\u003c/p\u003e\r\n\u003c/td\u003e\r\n\u003ctd\u003e\r\n\u003cp\u003e\u003cspan style=\"font-weight: 400;\"\u003ePlant-Based\u003c/span\u003e\u003c/p\u003e\r\n\u003c/td\u003e\r\n\u003ctd\u003e\r\n\u003cp\u003e\u003cspan style=\"font-weight: 400;\"\u003eSurfactant\u003c/span\u003e\u003c/p\u003e\r\n\u003c/td\u003e\r\n\u003c/tr\u003e\r\n\u003ctr\u003e\r\n\u003ctd\u003e\r\n\u003cp\u003e\u003cspan style=\"font-weight: 400;\"\u003eCapryloyl/Caproyl Methyl Glucamide\u003c/span\u003e\u003c/p\u003e\r\n\u003c/td\u003e\r\n\u003ctd\u003e\r\n\u003cp\u003e\u003cspan style=\"font-weight: 400;\"\u003eNatural\u003c/span\u003e\u003c/p\u003e\r\n\u003c/td\u003e\r\n\u003ctd\u003e\r\n\u003cp\u003e\u003cspan style=\"font-weight: 400;\"\u003ePlant-Based\u003c/span\u003e\u003c/p\u003e\r\n\u003c/td\u003e\r\n\u003ctd\u003e\r\n\u003cp\u003e\u003cspan style=\"font-weight: 400;\"\u003eSurfactant\u003c/span\u003e\u003c/p\u003e\r\n\u003c/td\u003e\r\n\u003c/tr\u003e\r\n\u003ctr\u003e\r\n\u003ctd\u003e\r\n\u003cp\u003e\u003cspan style=\"font-weight: 400;\"\u003eLauroyl/Myristoyl Methyl Glucamide\u003c/span\u003e\u003c/p\u003e\r\n\u003c/td\u003e\r\n\u003ctd\u003e\r\n\u003cp\u003e\u003cspan style=\"font-weight: 400;\"\u003eNatural\u003c/span\u003e\u003c/p\u003e\r\n\u003c/td\u003e\r\n\u003ctd\u003e\r\n\u003cp\u003e\u003cspan style=\"font-weight: 400;\"\u003ePlant-Based\u003c/span\u003e\u003c/p\u003e\r\n\u003c/td\u003e\r\n\u003ctd\u003e\r\n\u003cp\u003e\u003cspan style=\"font-weight: 400;\"\u003eSurfactant\u003c/span\u003e\u003c/p\u003e\r\n\u003c/td\u003e\r\n\u003c/tr\u003e\r\n\u003ctr\u003e\r\n\u003ctd\u003e\r\n\u003cp\u003e\u003cspan style=\"font-weight: 400;\"\u003eCocamide Monoethanolamine\u003c/span\u003e\u003c/p\u003e\r\n\u003c/td\u003e\r\n\u003ctd\u003e\r\n\u003cp\u003e\u003cspan style=\"font-weight: 400;\"\u003eNatural\u003c/span\u003e\u003c/p\u003e\r\n\u003c/td\u003e\r\n\u003ctd\u003e\r\n\u003cp\u003e\u003cspan style=\"font-weight: 400;\"\u003ePlant-Based\u003c/span\u003e\u003c/p\u003e\r\n\u003c/td\u003e\r\n\u003ctd\u003e\r\n\u003cp\u003e\u003cspan style=\"font-weight: 400;\"\u003eSurfactant\u003c/span\u003e\u003c/p\u003e\r\n\u003c/td\u003e\r\n\u003c/tr\u003e\r\n\u003ctr\u003e\r\n\u003ctd\u003e\r\n\u003cp\u003e\u003cspan style=\"font-weight: 400;\"\u003eCocamidopropyl Betaine\u003c/span\u003e\u003c/p\u003e\r\n\u003c/td\u003e\r\n\u003ctd\u003e\r\n\u003cp\u003e\u003cspan style=\"font-weight: 400;\"\u003eNatural\u003c/span\u003e\u003c/p\u003e\r\n\u003c/td\u003e\r\n\u003ctd\u003e\r\n\u003cp\u003e\u003cspan style=\"font-weight: 400;\"\u003ePlant-Based\u003c/span\u003e\u003c/p\u003e\r\n\u003c/td\u003e\r\n\u003ctd\u003e\r\n\u003cp\u003e\u003cspan style=\"font-weight: 400;\"\u003eSurfactant\u003c/span\u003e\u003c/p\u003e\r\n\u003c/td\u003e\r\n\u003c/tr\u003e\r\n\u003ctr\u003e\r\n\u003ctd\u003e\r\n\u003cp\u003e\u003cspan style=\"font-weight: 400;\"\u003eZinc Pyrithione\u003c/span\u003e\u003c/p\u003e\r\n\u003c/td\u003e\r\n\u003ctd\u003e\r\n\u003cp\u003e\u003cspan style=\"font-weight: 400;\"\u003eSynthetic\u003c/span\u003e\u003c/p\u003e\r\n\u003c/td\u003e\r\n\u003ctd\u003e\r\n\u003cp\u003e\u003cspan style=\"font-weight: 400;\"\u003eLab Synthesized\u003c/span\u003e\u003c/p\u003e\r\n\u003c/td\u003e\r\n\u003ctd\u003e\r\n\u003cp\u003e\u003cspan style=\"font-weight: 400;\"\u003eAnti-Fungal \u0026amp; Anti-Bacterial\u003c/span\u003e\u003c/p\u003e\r\n\u003c/td\u003e\r\n\u003c/tr\u003e\r\n\u003ctr\u003e\r\n\u003ctd\u003e\r\n\u003cp\u003e\u003cspan style=\"font-weight: 400;\"\u003ePhenoxyethanol\u003c/span\u003e\u003c/p\u003e\r\n\u003c/td\u003e\r\n\u003ctd\u003e\r\n\u003cp\u003e\u003cspan style=\"font-weight: 400;\"\u003eNatural\u003c/span\u003e\u003c/p\u003e\r\n\u003c/td\u003e\r\n\u003ctd\u003e\r\n\u003cp\u003e\u003cspan style=\"font-weight: 400;\"\u003ePlant-Based\u003c/span\u003e\u003c/p\u003e\r\n\u003c/td\u003e\r\n\u003ctd\u003e\r\n\u003cp\u003e\u003cspan style=\"font-weight: 400;\"\u003ePreservative\u003c/span\u003e\u003c/p\u003e\r\n\u003c/td\u003e\r\n\u003c/tr\u003e\r\n\u003ctr\u003e\r\n\u003ctd\u003e\r\n\u003cp\u003e\u003cspan style=\"font-weight: 400;\"\u003eEthylhexylglycerin\u003c/span\u003e\u003c/p\u003e\r\n\u003c/td\u003e\r\n\u003ctd\u003e\r\n\u003cp\u003e\u003cspan style=\"font-weight: 400;\"\u003eNatural\u003c/span\u003e\u003c/p\u003e\r\n\u003c/td\u003e\r\n\u003ctd\u003e\r\n\u003cp\u003e\u003cspan style=\"font-weight: 400;\"\u003ePlant-Based\u003c/span\u003e\u003c/p\u003e\r\n\u003c/td\u003e\r\n\u003ctd\u003e\r\n\u003cp\u003e\u003cspan style=\"font-weight: 400;\"\u003eConditioning Agent\u003c/span\u003e\u003c/p\u003e\r\n\u003c/td\u003e\r\n\u003c/tr\u003e\r\n\u003ctr\u003e\r\n\u003ctd\u003e\r\n\u003cp\u003e\u003cspan style=\"font-weight: 400;\"\u003ePolyquaternium-7\u003c/span\u003e\u003c/p\u003e\r\n\u003c/td\u003e\r\n\u003ctd\u003e\r\n\u003cp\u003e\u003cspan style=\"font-weight: 400;\"\u003eSynthetic\u003c/span\u003e\u003c/p\u003e\r\n\u003c/td\u003e\r\n\u003ctd\u003e\r\n\u003cp\u003e\u003cspan style=\"font-weight: 400;\"\u003eLab Synthesized\u003c/span\u003e\u003c/p\u003e\r\n\u003c/td\u003e\r\n\u003ctd\u003e\r\n\u003cp\u003e\u003cspan style=\"font-weight: 400;\"\u003eConditioning Agent\u003c/span\u003e\u003c/p\u003e\r\n\u003c/td\u003e\r\n\u003c/tr\u003e\r\n\u003ctr\u003e\r\n\u003ctd\u003e\r\n\u003cp\u003e\u003cspan style=\"font-weight: 400;\"\u003eCoco-Glucoside\u003c/span\u003e\u003c/p\u003e\r\n\u003c/td\u003e\r\n\u003ctd\u003e\r\n\u003cp\u003e\u003cspan style=\"font-weight: 400;\"\u003eNatural\u003c/span\u003e\u003c/p\u003e\r\n\u003c/td\u003e\r\n\u003ctd\u003e\r\n\u003cp\u003e\u003cspan style=\"font-weight: 400;\"\u003ePlant-Based\u003c/span\u003e\u003c/p\u003e\r\n\u003c/td\u003e\r\n\u003ctd\u003e\r\n\u003cp\u003e\u003cspan style=\"font-weight: 400;\"\u003eSurfactant\u003c/span\u003e\u003c/p\u003e\r\n\u003c/td\u003e\r\n\u003c/tr\u003e\r\n\u003ctr\u003e\r\n\u003ctd\u003e\r\n\u003cp\u003e\u003cspan style=\"font-weight: 400;\"\u003eGlyceryl Oleate\u003c/span\u003e\u003c/p\u003e\r\n\u003c/td\u003e\r\n\u003ctd\u003e\r\n\u003cp\u003e\u003cspan style=\"font-weight: 400;\"\u003eNatural\u003c/span\u003e\u003c/p\u003e\r\n\u003c/td\u003e\r\n\u003ctd\u003e\r\n\u003cp\u003e\u003cspan style=\"font-weight: 400;\"\u003ePlant-Based\u003c/span\u003e\u003c/p\u003e\r\n\u003c/td\u003e\r\n\u003ctd\u003e\r\n\u003cp\u003e\u003cspan style=\"font-weight: 400;\"\u003eSurfactant\u003c/span\u003e\u003c/p\u003e\r\n\u003c/td\u003e\r\n\u003c/tr\u003e\r\n\u003ctr\u003e\r\n\u003ctd\u003e\r\n\u003cp\u003e\u003cspan style=\"font-weight: 400;\"\u003eCetrimonium Chloride\u003c/span\u003e\u003c/p\u003e\r\n\u003c/td\u003e\r\n\u003ctd\u003e\r\n\u003cp\u003e\u003cspan style=\"font-weight: 400;\"\u003eNatural\u003c/span\u003e\u003c/p\u003e\r\n\u003c/td\u003e\r\n\u003ctd\u003e\r\n\u003cp\u003e\u003cspan style=\"font-weight: 400;\"\u003ePlant-Based\u003c/span\u003e\u003c/p\u003e\r\n\u003c/td\u003e\r\n\u003ctd\u003e\r\n\u003cp\u003e\u003cspan style=\"font-weight: 400;\"\u003eSurfactant\u003c/span\u003e\u003c/p\u003e\r\n\u003c/td\u003e\r\n\u003c/tr\u003e\r\n\u003ctr\u003e\r\n\u003ctd\u003e\r\n\u003cp\u003e\u003cspan style=\"font-weight: 400;\"\u003eXylitol\u003c/span\u003e\u003c/p\u003e\r\n\u003c/td\u003e\r\n\u003ctd\u003e\r\n\u003cp\u003e\u003cspan style=\"font-weight: 400;\"\u003eNatural\u003c/span\u003e\u003c/p\u003e\r\n\u003c/td\u003e\r\n\u003ctd\u003e\r\n\u003cp\u003e\u003cspan style=\"font-weight: 400;\"\u003ePlant-Based\u003c/span\u003e\u003c/p\u003e\r\n\u003c/td\u003e\r\n\u003ctd\u003e\r\n\u003cp\u003e\u003cspan style=\"font-weight: 400;\"\u003eAnti-Microbial\u003c/span\u003e\u003c/p\u003e\r\n\u003c/td\u003e\r\n\u003c/tr\u003e\r\n\u003ctr\u003e\r\n\u003ctd\u003e\r\n\u003cp\u003e\u003cspan style=\"font-weight: 400;\"\u003eGlucose\u003c/span\u003e\u003c/p\u003e\r\n\u003c/td\u003e\r\n\u003ctd\u003e\r\n\u003cp\u003e\u003cspan style=\"font-weight: 400;\"\u003eNatural\u003c/span\u003e\u003c/p\u003e\r\n\u003c/td\u003e\r\n\u003ctd\u003e\r\n\u003cp\u003e\u003cspan style=\"font-weight: 400;\"\u003ePlant-Based\u003c/span\u003e\u003c/p\u003e\r\n\u003c/td\u003e\r\n\u003ctd\u003e\r\n\u003cp\u003e\u003cspan style=\"font-weight: 400;\"\u003eHumectant\u003c/span\u003e\u003c/p\u003e\r\n\u003c/td\u003e\r\n\u003c/tr\u003e\r\n\u003ctr\u003e\r\n\u003ctd\u003e\r\n\u003cp\u003e\u003cspan style=\"font-weight: 400;\"\u003eAnhydroxylitol\u003c/span\u003e\u003c/p\u003e\r\n\u003c/td\u003e\r\n\u003ctd\u003e\r\n\u003cp\u003e\u003cspan style=\"font-weight: 400;\"\u003eNatural\u003c/span\u003e\u003c/p\u003e\r\n\u003c/td\u003e\r\n\u003ctd\u003e\r\n\u003cp\u003e\u003cspan style=\"font-weight: 400;\"\u003ePlant-Based\u003c/span\u003e\u003c/p\u003e\r\n\u003c/td\u003e\r\n\u003ctd\u003e\r\n\u003cp\u003e\u003cspan style=\"font-weight: 400;\"\u003eMoisturizer\u003c/span\u003e\u003c/p\u003e\r\n\u003c/td\u003e\r\n\u003c/tr\u003e\r\n\u003ctr\u003e\r\n\u003ctd\u003e\r\n\u003cp\u003e\u003cspan style=\"font-weight: 400;\"\u003ePhonex Dactylifera Extract\u003c/span\u003e\u003c/p\u003e\r\n\u003c/td\u003e\r\n\u003ctd\u003e\r\n\u003cp\u003e\u003cspan style=\"font-weight: 400;\"\u003eNatural\u003c/span\u003e\u003c/p\u003e\r\n\u003c/td\u003e\r\n\u003ctd\u003e\r\n\u003cp\u003e\u003cspan style=\"font-weight: 400;\"\u003ePlant-Based\u003c/span\u003e\u003c/p\u003e\r\n\u003c/td\u003e\r\n\u003ctd\u003e\r\n\u003cp\u003e\u003cspan style=\"font-weight: 400;\"\u003eAnti-Fungal\u003c/span\u003e\u003c/p\u003e\r\n\u003c/td\u003e\r\n\u003c/tr\u003e\r\n\u003ctr\u003e\r\n\u003ctd\u003e\r\n\u003cp\u003e\u003cspan style=\"font-weight: 400;\"\u003eGuar \u003c/span\u003e\u003c/p\u003e\r\n\u003c/td\u003e\r\n\u003ctd\u003e\r\n\u003cp\u003e\u003cspan style=\"font-weight: 400;\"\u003eNatural\u003c/span\u003e\u003c/p\u003e\r\n\u003c/td\u003e\r\n\u003ctd\u003e\r\n\u003cp\u003e\u003cspan style=\"font-weight: 400;\"\u003ePlant-Based\u003c/span\u003e\u003c/p\u003e\r\n\u003c/td\u003e\r\n\u003ctd\u003e\r\n\u003cp\u003e\u003cspan style=\"font-weight: 400;\"\u003eSoftener\u003c/span\u003e\u003c/p\u003e\r\n\u003c/td\u003e\r\n\u003c/tr\u003e\r\n\u003ctr\u003e\r\n\u003ctd\u003e\r\n\u003cp\u003e\u003cspan style=\"font-weight: 400;\"\u003eHydroxypropyltrimonium Chloride\u003c/span\u003e\u003c/p\u003e\r\n\u003c/td\u003e\r\n\u003ctd\u003e\r\n\u003cp\u003e\u003cspan style=\"font-weight: 400;\"\u003eNatural\u003c/span\u003e\u003c/p\u003e\r\n\u003c/td\u003e\r\n\u003ctd\u003e\r\n\u003cp\u003e\u003cspan style=\"font-weight: 400;\"\u003ePlant-Based\u003c/span\u003e\u003c/p\u003e\r\n\u003c/td\u003e\r\n\u003ctd\u003e\r\n\u003cp\u003e\u003cspan style=\"font-weight: 400;\"\u003eConditioning Agent\u003c/span\u003e\u003c/p\u003e\r\n\u003c/td\u003e\r\n\u003c/tr\u003e\r\n\u003ctr\u003e\r\n\u003ctd\u003e\r\n\u003cp\u003e\u003cspan style=\"font-weight: 400;\"\u003eIFRA Certified Allergen Free Fragrance\u003c/span\u003e\u003c/p\u003e\r\n\u003c/td\u003e\r\n\u003ctd\u003e\r\n\u003cp\u003e\u003cspan style=\"font-weight: 400;\"\u003eSynthetic\u003c/span\u003e\u003c/p\u003e\r\n\u003c/td\u003e\r\n\u003ctd\u003e\r\n\u003cp\u003e\u003cspan style=\"font-weight: 400;\"\u003eLab Synthesized\u003c/span\u003e\u003c/p\u003e\r\n\u003c/td\u003e\r\n\u003ctd\u003e\r\n\u003cp\u003e\u003cspan style=\"font-weight: 400;\"\u003eFragrance\u003c/span\u003e\u003c/p\u003e\r\n\u003c/td\u003e\r\n\u003c/tr\u003e\r\n\u003ctr\u003e\r\n\u003ctd\u003e\r\n\u003cp\u003e\u003cspan style=\"font-weight: 400;\"\u003eCapsudx Cool 3 Mp\u003c/span\u003e\u003c/p\u003e\r\n\u003c/td\u003e\r\n\u003ctd\u003e\r\n\u003cp\u003e\u003cspan style=\"font-weight: 400;\"\u003eSynthetic\u003c/span\u003e\u003c/p\u003e\r\n\u003c/td\u003e\r\n\u003ctd\u003e\r\n\u003cp\u003e\u003cspan style=\"font-weight: 400;\"\u003eLab Synthesized\u003c/span\u003e\u003c/p\u003e\r\n\u003c/td\u003e\r\n\u003ctd\u003e\r\n\u003cp\u003e\u003cspan style=\"font-weight: 400;\"\u003eCooling Agent\u003c/span\u003e\u003c/p\u003e\r\n\u003c/td\u003e\r\n\u003c/tr\u003e\r\n\u003ctr\u003e\r\n\u003ctd\u003e\r\n\u003cp\u003e\u003cspan style=\"font-weight: 400;\"\u003eGinger Extract\u003c/span\u003e\u003c/p\u003e\r\n\u003c/td\u003e\r\n\u003ctd\u003e\r\n\u003cp\u003e\u003cspan style=\"font-weight: 400;\"\u003eNatural\u003c/span\u003e\u003c/p\u003e\r\n\u003c/td\u003e\r\n\u003ctd\u003e\r\n\u003cp\u003e\u003cspan style=\"font-weight: 400;\"\u003ePlant-Based\u003c/span\u003e\u003c/p\u003e\r\n\u003c/td\u003e\r\n\u003ctd\u003e\r\n\u003cp\u003e\u003cspan style=\"font-weight: 400;\"\u003eAnti-Dandruff\u003c/span\u003e\u003c/p\u003e\r\n\u003c/td\u003e\r\n\u003c/tr\u003e\r\n\u003ctr\u003e\r\n\u003ctd\u003e\r\n\u003cp\u003e\u003cspan style=\"font-weight: 400;\"\u003ePanthenol\u003c/span\u003e\u003c/p\u003e\r\n\u003c/td\u003e\r\n\u003ctd\u003e\r\n\u003cp\u003e\u003cspan style=\"font-weight: 400;\"\u003eNatural\u003c/span\u003e\u003c/p\u003e\r\n\u003c/td\u003e\r\n\u003ctd\u003e\r\n\u003cp\u003e\u003cspan style=\"font-weight: 400;\"\u003ePlant-Based\u003c/span\u003e\u003c/p\u003e\r\n\u003c/td\u003e\r\n\u003ctd\u003e\r\n\u003cp\u003e\u003cspan style=\"font-weight: 400;\"\u003eMoisturizing Agent\u003c/span\u003e\u003c/p\u003e\r\n\u003c/td\u003e\r\n\u003c/tr\u003e\r\n\u003ctr\u003e\r\n\u003ctd\u003e\r\n\u003cp\u003e\u003cspan style=\"font-weight: 400;\"\u003eLemon Fruit Extract\u003c/span\u003e\u003c/p\u003e\r\n\u003c/td\u003e\r\n\u003ctd\u003e\r\n\u003cp\u003e\u003cspan style=\"font-weight: 400;\"\u003eNatural\u003c/span\u003e\u003c/p\u003e\r\n\u003c/td\u003e\r\n\u003ctd\u003e\r\n\u003cp\u003e\u003cspan style=\"font-weight: 400;\"\u003ePlant-Based\u003c/span\u003e\u003c/p\u003e\r\n\u003c/td\u003e\r\n\u003ctd\u003e\r\n\u003cp\u003e\u003cspan style=\"font-weight: 400;\"\u003eAnti-Dandruff\u003c/span\u003e\u003c/p\u003e\r\n\u003c/td\u003e\r\n\u003c/tr\u003e\r\n\u003ctr\u003e\r\n\u003ctd\u003e\r\n\u003cp\u003e\u003cspan style=\"font-weight: 400;\"\u003eDisodium Ethylenediaminetetraacetate\u003c/span\u003e\u003c/p\u003e\r\n\u003c/td\u003e\r\n\u003ctd\u003e\r\n\u003cp\u003e\u003cspan style=\"font-weight: 400;\"\u003eSynthetic\u003c/span\u003e\u003c/p\u003e\r\n\u003c/td\u003e\r\n\u003ctd\u003e\r\n\u003cp\u003e\u003cspan style=\"font-weight: 400;\"\u003eLab Synthesized\u003c/span\u003e\u003c/p\u003e\r\n\u003c/td\u003e\r\n\u003ctd\u003e\r\n\u003cp\u003e\u003cspan style=\"font-weight: 400;\"\u003eChelating Agent\u003c/span\u003e\u003c/p\u003e\r\n\u003c/td\u003e\r\n\u003c/tr\u003e\r\n\u003c/tbody\u003e\r\n\u003c/table\u003e"},{"attribute_code":"attribute_value_7","value":"\u003cdiv id=\"faqs\"\u003e\r\n\u003cp\u003eWill This Dry Out My Hair?\u003c/p\u003e\r\n\u003cp\u003eNo, absolutely not. Lemon Anti-Dandruff gently cleanses your scalp and hair without being dry or harsh.\u003c/p\u003e\r\n\u003cp\u003eHow Often Can I Use This?\u003c/p\u003e\r\n\u003cp\u003eYou can use it 2-3 times a week or more, depending on your scalp health.\u003c/p\u003e\r\n\u003cp\u003eWill This Permanently Cure Dandruff?\u003c/p\u003e\r\n\u003cp\u003eLemon Anti-Dandruff Shampoo not only cleanses your scalp, but also removes flakes and itchiness and prevents dandruff. However, you need to use it regularly to keep dandruff at bay.\u003c/p\u003e\r\n\u003cp\u003eCan I Use it in Summers?\u003c/p\u003e\r\n\u003cp\u003eYes, you can use the Lemon Anti-Dandruff Shampoo all year round\u003c/p\u003e\r\n\u003cp\u003eCan Men Use It?\u003c/p\u003e\r\n\u003cp\u003eYes, anyone with dandruff can use the Lemon Anti-Dandruff Shampoo.\u003c/p\u003e\r\n\u003cp\u003eHow many times can I use this Lemon Anti-Dandruff Shampoo in a week?\u003c/p\u003e\r\n\u003cp\u003eMamaearth Lemon Anti-Dandruff Shampoo can be used twice a week to achieve the desired results on your hair. But, if you are facing severe dandruff and hair care issues, you may use it thrice a week. We also recommend pairing it with Mamaearth’s Lemon Hair Conditioner- it will help control frizz and make the strands softer.\u003c/p\u003e\r\n\u003cp\u003eWhat are the benefits of shampoo with lemon for hair?\u003c/p\u003e\r\n\u003cp\u003eUsing lemon for hair offers a natural shine to rough, frizzy, and dull hair. Its regular use keeps the strands shinier and stronger. If you are looking to buy lemon hair shampoo, you may opt for Mamaearth Lemon Anti-Dandruff Shampoo. It gently cleanses your hair and helps eliminate dandruff. It also soothes your itchy scalp and helps in relieving irritation. In addition, this toxin-free hair cleanser is cruelty-free, toxin-free, and MadeSafe Certified.\u003c/p\u003e\r\n\u003cp\u003eWhich is the best lemon shampoo in India?\u003c/p\u003e\r\n\u003cp\u003eA good lemon-based shampoo should nourish the hair by keeping dryness, dandruff, and irritation at bay. Mamaearth Lemon Anti-Dandruff Shampoo is natural, toxin-free, and meets the abovementioned criteria. It gently cleanses the scalp, helps reduce dandruff and frizz, and soothes itchiness with every application. Hence, it can be recommended as the best lemon shampoo for dandruff control.\u003c/p\u003e\r\n\u003cp\u003eWhat is the price of this lemon shampoo for dandruff control?\u003c/p\u003e\r\n\u003cp\u003eMamaearth Lemon Anti-Dandruff Shampoo is priced at INR 349 for a 250 ml pack.\u003c/p\u003e\r\n\u003cp\u003eHow to use this Lemon Hair Shampoo?\u003c/p\u003e\r\n\u003cp\u003eWe all know how good lemon is for dandruff control. Using Mamaearth Lemon and Ginger Shampoo is very easy to use. You should take a coin-sized amount of the shampoo in your palm and massage it gently on wet hair. Then, work up the lather and rinse off. Follow up with Mamaearth Lemon Anti-Dandruff Conditioner for the best results.\u003c/p\u003e\r\n\u003cp\u003eWhat are the ingredients of this lemon-based shampoo?\u003c/p\u003e\r\n\u003cp\u003eMamaearth Lemon Shampoo primarily features Lemon, Ginger, and Zinc Pyrithione that give your hair the nourishment it needs. Lemon helps treat dandruff and keeps white flakes away, while ginger helps soothe the scalp. Zinc Pyrithione provides antifungal and antibacterial benefits to drive out minor infections on the scalp.\u003c/p\u003e\r\n\u003cp\u003eHow to use lemon for dandruff?\u003c/p\u003e\r\n\u003cp\u003eYou may consider applying lemon on the scalp for dandruff control. It would also help keep frizziness and dullness at bay. The results may take a while to show up so you should stay consistent with it. If you are looking for quicker and more effective results, you can try Mamaearth Lemon Anti-Dandruff Shampoo. Used twice a week, it would gently cleanse the scalp to reduce dandruff and soothe itchiness. This toxin-free shampoo features Lemon, Ginger, and Zinc Pyrithione that helps keep dandruff away and soothe a dry scalp.\u003c/p\u003e\r\n\u003cp\u003eIs lemon good for dandruff?\u003c/p\u003e\r\n\u003cp\u003eYes. Lemon extracts have cleansing properties that help maintain a clean, itch-free scalp. However, if you really need to know its effectiveness, try the Lemon Shampoo by Mamaearth. It is natural, toxin-free, and MadeSafe Certified, and it helps reduce dandruff.\u003c/p\u003e\r\n\u003cp\u003eIs Lemon Shampoo good for hair?\u003c/p\u003e\r\n\u003cp\u003eYes. A Lemon Shampoo has effective scalp-cleansing properties that help reduce itchiness and irritation. It also prevents the recurrence of dandruff and helps maintain hair hygiene. For instance, Mamaearth Lemon Shampoo is one such example. It has the goodness of Lemon and Ginger that help reduce dandruff and itchiness of the scalp. It also soothes the scalp with its anti-inflammatory benefits and gives healthy hair inside out. The best part? It is free from harmful toxins and chemicals and suits all hair types.\u003c/p\u003e\r\n\u003cp\u003eWhat is Lemon Shampoo used for?\u003c/p\u003e\r\n\u003cp\u003eThe most common use of Lemon Shampoo is to fight and reduce dandruff recurrence. It is also known to reduce itch and sensitivity of the scalp and give you healthy, dandruff-free hair. In this light, we will introduce you to Mamaearth Lemon Anti-Dandruff Shampoo. It has the innate goodness of Lemon and Ginger that helps reduce dandruff recurrence and provides almost 100% dandruff-free hair. It also aids scalp irritation and gives healthy hair with every wash. It is toxin-free, MadeSafe Certified, and suitable for all hair types.\u003c/p\u003e\r\n\u003cp\u003eIs using lemon in hair safe?\u003c/p\u003e\r\n\u003cp\u003eYes. Using lemon on your hair is safe and effective. But it should be used with other hair-nourishing ingredients like Coconut Oil or Aloe Vera to achieve your hair care goals. Alternatively, you can use Mamaearth Lemon Anti-Dandruff Shampoo to enjoy the lasting benefits of Lemon and Ginger. This combination of super-effective ingredients helps reduce dandruff and itchiness of the scalp. It also soothes the scalp with its anti-inflammatory benefits and gives healthy hair inside out. The best part? It is free from harmful toxins and chemicals and suits all hair types.\u003c/p\u003e\r\n\u003c/div\u003e"},{"attribute_code":"tag_keywords","value":"Anti-Dandruff,Shampoo,Itchiness,Natural,Shampoo,Cleanses,Smoothens,Softens,Nourishes,Toxin-Free,Cruelty-Free,PETA Certified"},{"attribute_code":"meta_keyword","value":"Anti-Dandruff,Shampoo, Anti Dandruff Shampoo, Mamaearth Anti Dandruff Shampoo, Dandruff Shampoo, Shampoo for Dandruff,"},{"attribute_code":"attribute_value_1","value":"\u003cdiv class=\"list-banner\"\u003e\u003cimg src=\"https://images.mamaearth.in/wysiwyg/All-Aplus/A%2B%20%2824%29.jpg\" alt=\"\" /\u003e\r\n\u003cp style=\"text-align: center;\"\u003eAnti-Dandruff Shampoo\u003c/p\u003e\r\n\u003c/div\u003e"},{"attribute_code":"special_price","value":null},{"attribute_code":"special_from_date","value":"2023-08-24 13:23:00"}],"hide_in_front":0,"image":"/l/e/lemon_anti-dandruff_shampoo_250ml.jpg","is_in_stock":true,"name":"Lemon Anti-Dandruff Shampoo with Lemon \u0026 Ginger for up to 100% Dandruff \u0026 Itch-free Scalp- 250 ml","position":"2","price":"349.00","product_card_tags":"Reduces Up to 100% Dandruff | Soothes Itchiness","review_count":94,"sku":"8904417305043","special_price":"","special_price_from_date":{"date":"2023-08-24 18:53:00","timezone_type":3,"timezone":"Asia/Kolkata"},"tags":"best-seller","url_key":"lemon-anti-dandruff-shampoo-with-lemon-ginger-for-up-to-100-dandruff-itch-free-scalp-250-ml","imageAltTags":[],"configurable_option":{"attribute_id":306,"option_id":354,"attribute_label":"Lemon_Shampoo","title":"250 ml","swatch_data":{"swatch_id":510,"option_id":354,"store_id":1,"type":0,"value":"250 ml"}},"siblings":[],"product_subtitle_keys":["Buy 1 Get 1 FREE"," Shampoo"," Lemon"],"size":"250ml","unitPrice":"1.40/ml","old_productid":"848","generic_name":null},{"id":1230,"tier_prices":[],"avg_rating_percent":99,"categories":[2,5,23,27,30,40,70,171,174,176,253,31,338,344,324,353,356,173,295,175,394,215,420,377,33],"created_at":"2024-03-22 07:55:07","custom_attributes":[{"attribute_code":"manufacturer","value":"Indo Herbal Products, Unit - 2, Plot No. 28-29, Sector 1B, IIE, Sidcul, Ranipur, Haridwar, 249403, Regd. address :- C-84 Panchsheel Enclave, New Delhi – 110017"},{"attribute_code":"meta_title","value":"Onion Hair Oil for Hair Fall Control, Hair Growth Oil | Mamaearth"},{"attribute_code":"meta_description","value":"Mamaearth onion hair oil for hair fall control. Onion oil, hair growth oil with a new \u0026 improved formula for even stronger, smoother, and shinier hair."},{"attribute_code":"image","value":"/_/o/_onion-oil-250ml__1_1_1.jpeg"},{"attribute_code":"small_image","value":"/_/o/_onion-oil-250ml__1_1_1.jpeg"},{"attribute_code":"thumbnail","value":"/_/o/_onion-oil-250ml__1_1_1.jpeg"},{"attribute_code":"options_container","value":"container2"},{"attribute_code":"small_image_label","value":"Mamaearth onion oil"},{"attribute_code":"thumbnail_label","value":"Mamaearth onion oil"},{"attribute_code":"country_of_manufacture","value":"IN"},{"attribute_code":"url_key","value":"onion-hair-oil-for-hair-regrowth-hair-fall-control-with-redensyl-250ml"},{"attribute_code":"msrp_display_actual_price_type","value":"0"},{"attribute_code":"gift_message_available","value":"2"},{"attribute_code":"swatch_image","value":"/_/o/_onion-oil-250ml__1_1_1.jpeg"},{"attribute_code":"attribute_label_1","value":"Results of Mamaearth Onion Oil with Onion Oil \u0026 Redensyl"},{"attribute_code":"attribute_label_2","value":"Key Ingredients"},{"attribute_code":"attribute_label_3","value":"How to Use"},{"attribute_code":"attribute_label_4","value":"Who can Use"},{"attribute_code":"attribute_label_5","value":"Why Mamaearth"},{"attribute_code":"attribute_label_6","value":"Ingredient List"},{"attribute_code":"attribute_label_7","value":"FAQS"},{"attribute_code":"best_before","value":"30 Months"},{"attribute_code":"dimensions","value":"10 * 5 * 5 cm"},{"attribute_code":"ean_code","value":"8906087772491"},{"attribute_code":"mrp","value":"599"},{"attribute_code":"old_productid","value":"221"},{"attribute_code":"weight_when_packed","value":"0.2"},{"attribute_code":"tags","value":"Best-Seller"},{"attribute_code":"marketed_by","value":"Honasa Consumer Limited, 10th and 11th Floor, Capital Cyberscape, Sector 59, Gurugram, Haryana, 122101"},{"attribute_code":"live_url","value":"https://mamaearth.in/product/onion-hair-oil-for-hair-regrowth-hair-fall-control-with-redensyl-250ml"},{"attribute_code":"license_no","value":"20/C/U.A/2010"},{"attribute_code":"length","value":"10"},{"attribute_code":"google_category","value":"2915"},{"attribute_code":"cms_sequence","value":"1,2,3,4,5,6,7,8"},{"attribute_code":"width","value":"5"},{"attribute_code":"height","value":"5"},{"attribute_code":"breadcrumb_category","value":"40","title":"Hair Oil for Women \u0026 Men","url_key":"hair-oil"},{"attribute_code":"custom_product_type","value":"be_hair"},{"attribute_code":"brand","value":"4"},{"attribute_code":"product_card_tags","value":"Boosts Hair Growth | Adds Strength \u0026 Shine"},{"attribute_code":"saving_scheme","value":"price_per_100_ml"},{"attribute_code":"product_subtitle_keys","value":"Buy 1 Get 1 FREE, Bestseller, Hair oil"},{"attribute_code":"is_suitable_for_skin_type","value":"465","label":"normal"},{"attribute_code":"hair_goals","value":"477,479,485","label":"hair strengthening, hair fall reduction, thick and long hair"},{"attribute_code":"tax_class_id","value":"2"},{"attribute_code":"create_scarcity","value":"1"},{"attribute_code":"hide_product_infront","value":"0"},{"attribute_code":"show_in_feed","value":"1"},{"attribute_code":"base_category","value":"85"},{"attribute_code":"base_sub_category","value":"71"},{"attribute_code":"key_ingredient","value":"508"},{"attribute_code":"show_price_per_unit","value":"1"},{"attribute_code":"volume","value":"250"},{"attribute_code":"enable_fbt_popup","value":"0"},{"attribute_code":"enable_product_for_wa_commerce","value":"0"},{"attribute_code":"onion_hair_oil_swatch","value":"346"},{"attribute_code":"strikethrough","value":"1"},{"attribute_code":"short_description","value":"\u003cp\u003eIntroducing your favorite Mamaearth \u003cstrong\u003eOnion Hair Oil\u003c/strong\u003e with a new \u0026amp; improved formula for even stronger, smoother, and shinier hair. With its lightweight and non-sticky formulation and oh-so-good fragrance, this natural and toxin-free hair loss oil helps you have stronger and healthier hair with the Goodness of Nature. \u003cbr /\u003e\u003cstrong\u003eOnion hair oil\u003c/strong\u003e, rich in Sulphur, Potassium \u0026amp; antioxidants, reduces hair fall \u0026amp; accelerates hair regrowth. One of the newest breakthrough ingredients in hair growth, Redensyl, unblocks hair follicles \u0026amp; also boosts new hair growth. Safe for colored \u0026amp; chemically treated hair, the \u003cstrong\u003eonion oil\u003c/strong\u003e is free of harmful chemicals \u0026amp; toxins such as Silicones, Parabens, Mineral Oil, and Dyes.\u003cbr /\u003eAnd because of our no toxins and no harmful chemicals philosophy, you won’t find any Silicones, Parabens, mineral oil \u0026amp; dyes in our organic \u003cstrong\u003eonion hair oil\u003c/strong\u003e.  \u003c/p\u003e"},{"attribute_code":"attribute_value_1","value":"\u003cul class=\"result-list\"\u003e\r\n\u003cli\u003e\r\n\u003cdiv class=\"result-img\"\u003e\u003cimg src=\"https://images.mamaearth.in/wysiwyg/Onion%20Hair%20Oil%20for%20Hair%20Regrowth%20and%20Hair%20Fall%20Control%20with%20Redensyl%2C%20150ml/mamaearth%20onion%20conditioner%20for%20reduces%20hair%20fall.jpg\" alt=\"mamaearth onion oil for reduces hair fall\" width=\"202\" height=\"178\" /\u003e\u003c/div\u003e\r\n\u003ch2\u003eBoosts Hair Growth\u003c/h2\u003e\r\n\u003cspan class=\"result-content\" style=\"padding: 0; text-align: center;\"\u003eOnion Oil, in combination with Redensyl, reduces hair fall and makes hair healthy.\u003c/span\u003e\u003c/li\u003e\r\n\u003cli\u003e\r\n\u003cdiv class=\"result-img\"\u003e\u003cimg src=\"https://images.mamaearth.in/wysiwyg/Onion%20Hair%20Oil%20for%20Hair%20Regrowth%20and%20Hair%20Fall%20Control%20with%20Redensyl%2C%20150ml/onion%20hair%20conditioner%20for%20makes%20hair%20soft.jpg\" alt=\"onion hair oil for makes hair soft\" width=\"204\" height=\"191\" /\u003e\u003c/div\u003e\r\n\u003ch2\u003eAdds Strength \u0026amp; Shine\u003c/h2\u003e\r\n\u003cspan class=\"result-content\" style=\"padding: 0; text-align: center;\"\u003eFull of nature’s goodness, a blend of nourishing oils such as Sunflower Oil, Amla Oil, Hibiscus Oil, etc. our Onion Oil makes hair strong from the inside \u0026amp; shinier on the outside\u003c/span\u003e\u003c/li\u003e\r\n\u003cli\u003e\r\n\u003cdiv class=\"result-img\"\u003e\u003cimg src=\"https://images.mamaearth.in/wysiwyg/Onion%20Hair%20Oil%20for%20Hair%20Regrowth%20and%20Hair%20Fall%20Control%20with%20Redensyl%2C%20150ml/onion%20hair%20conditioner%20for%20detangles%20hair.jpg\" alt=\"onion hair oil for detangles hair\" width=\"206\" height=\"205\" /\u003e\u003c/div\u003e\r\n\u003ch2\u003eBalances Scalp\u003c/h2\u003e\r\n\u003cspan class=\"result-content\" style=\"padding: 0; text-align: center;\"\u003eCastor Oil is known to nourish the scalp. Rich in Vitamin D, Almond Oil provides nutrition to the scalp, making hair healthier and stronger.\u003c/span\u003e\u003c/li\u003e\r\n\u003c/ul\u003e"},{"attribute_code":"attribute_value_2","value":"\u003cul class=\"woodmart-list\"\u003e\r\n\u003cli\u003e\r\n\u003cdiv class=\"list-icon\"\u003e\u003cimg src=\"https://images.mamaearth.in/wysiwyg/Onion%20Hair%20Oil%20for%20Hair%20Regrowth%20and%20Hair%20Fall%20Control%20with%20Redensyl%2C%20150ml/Onion%20Seed%20Oil%20for%20hair%20growth.jpg\" alt=\"Onion Seed Oil for hair growth\" width=\"120\" height=\"80\" /\u003e\u003c/div\u003e\r\n\u003cspan class=\"list-content\" style=\"text-align: justify;\"\u003e\u003cstrong\u003eOnion Seed Oil : Onion Oil\u003c/strong\u003e increases blood supply to hair follicles, which in turn improves hair growth. It also prevents hair loss.\u003c/span\u003e\u003c/li\u003e\r\n\u003cli\u003e\r\n\u003cdiv class=\"list-icon\"\u003e\u003cimg src=\"https://images.mamaearth.in/wysiwyg/Onion%20Hair%20Oil%20for%20Hair%20Regrowth%20and%20Hair%20Fall%20Control%20with%20Redensyl%2C%20150ml/Onion%20Oil%20Redensyl.jpg\" alt=\"Onion Oil Redensyl\" width=\"120\" height=\"80\" /\u003e\u003c/div\u003e\r\n\u003cspan class=\"list-content\" style=\"text-align: justify;\"\u003e\u003cstrong\u003eRedensyl : \u003c/strong\u003eThe newest breakthrough ingredient against hair loss, and the best alternative to hair transplantation, Redensyl can significantly boost hair density, thickness, fullness, strength and overall health.\u003c/span\u003e\u003c/li\u003e\r\n\u003cli\u003e\r\n\u003cdiv class=\"list-icon\"\u003e\u003cimg src=\"https://images.mamaearth.in/wysiwyg/Onion%20Hair%20Oil%20for%20Hair%20Regrowth%20and%20Hair%20Fall%20Control%20with%20Redensyl%2C%20150ml/Mamaearth%20Onion%20Hair%20Fall%20Oill%20with%20Almond%20Oil.jpg\" alt=\"Mamaearth Onion Hair Fall Oil with Almond Oil\" width=\"100\" height=\"100\" /\u003e\u003c/div\u003e\r\n\u003cspan class=\"list-content\" style=\"text-align: justify;\"\u003e\u003cstrong\u003eAlmond Oil : \u003c/strong\u003eOmega-3 fatty acids, phospholipids, Vitamin E, magnesium present in \u003cstrong\u003eOnion Oil\u003c/strong\u003e nourish and strengthen your hair while being optimal for treating hair loss and damaged hair. \u003c/span\u003e\u003c/li\u003e\r\n\u003cli\u003e\r\n\u003cdiv class=\"list-icon\"\u003e\u003cimg src=\"https://images.mamaearth.in/wysiwyg/Onion%20Hair%20Oil%20for%20Hair%20Regrowth%20and%20Hair%20Fall%20Control%20with%20Redensyl%2C%20150ml/Onion%20hair%20oil%20with%20Castor%20Oil%20for%20stimulate%20hair%20growth.jpg\" alt=\"Onion hair oil with Castor Oil for stimulate hair growth\" width=\"95\" height=\"95\" /\u003e\u003c/div\u003e\r\n\u003cspan class=\"list-content\" style=\"text-align: justify;\"\u003e\u003cstrong\u003eCastor Oil :\u003c/strong\u003e \u003cspan style=\"font-weight: 400;\"\u003eIt deeply nourishes the scalp with proteins, vitamins and antioxidants and helps increase the blood circulation to the scalp. Castor Oil also improves absorption of other ingredients in the hair and locks in scalp \u0026amp; strang moisture.\u003c/span\u003e\u003c/span\u003e\u003c/li\u003e\r\n\u003cli\u003e\r\n\u003cdiv class=\"list-icon\"\u003e\u003cimg src=\"https://images.mamaearth.in/wysiwyg/Onion%20Hair%20Oil%20for%20Hair%20Regrowth%20and%20Hair%20Fall%20Control%20with%20Redensyl%2C%20150ml/Bhringraj%20Oil%20and%20onion%20Hair%20Fall%20Oil%20for%20prevents%20hair%20fall.jpg\" alt=\"Bhringraj Oil and onion Hair Fall Oil for prevents hair fall\" width=\"100\" height=\"100\" /\u003e\u003c/div\u003e\r\n\u003cspan class=\"list-content\" style=\"text-align: justify;\"\u003e\u003cstrong\u003eBhringraj Oil : \u003c/strong\u003eIt aids in blood circulation, promotes hair growth, and prevents hair fall. Since it is also deeply moisturizing, it works as a natural conditioner for your tresses.\u003c/span\u003e\u003c/li\u003e\r\n\u003cli\u003e\r\n\u003cdiv class=\"list-icon\"\u003e\u003cimg src=\"https://images.mamaearth.in/wysiwyg/Onion%20Hair%20Oil%20for%20Hair%20Regrowth%20and%20Hair%20Fall%20Control%20with%20Redensyl%2C%20150ml/Mamaearth%20Onion%20hair%20oil%20with%20Amla%20Oil.jpg\" alt=\"Mamaearth Onion hair oil with Amla Oil \" width=\"100\" height=\"100\" /\u003e\u003c/div\u003e\r\n\u003cspan class=\"list-content\" style=\"text-align: justify;\"\u003e\u003cstrong\u003eAmla Oil : \u003c/strong\u003eAmla Oil promotes overall health of hair \u0026amp; scalp, and prevents premature greying.\u003c/span\u003e\u003c/li\u003e\r\n\u003c/ul\u003e"},{"attribute_code":"attribute_value_3","value":"\u003cul\u003e\r\n\u003cli\u003e\u003cspan class=\"list-content\"\u003e\u003cstrong\u003eStep 1 : \u003c/strong\u003ePart your hair in two halves and apply the oil directly to the scalp using the comb applicator.\u003c/span\u003e\u003c/li\u003e\r\n\u003cli\u003e\u003cspan class=\"list-content\"\u003e\u003cstrong\u003eStep 2 : \u003c/strong\u003eThe built-in applicator ensures that the oil reaches the roots directly.\u003c/span\u003e\u003c/li\u003e\r\n\u003cli\u003e\u003cspan class=\"list-content\"\u003e\u003cstrong\u003eStep 3 : \u003c/strong\u003eLeave it overnight or for a few hours. Wash off with Mamaearth’s sulfate-free Onion Shampoo.\u003c/span\u003e\u003c/li\u003e\r\n\u003c/ul\u003e"},{"attribute_code":"attribute_value_4","value":"\u003cul style=\"list-style: disc; padding-left: 1em;\"\u003e\r\n\u003cli\u003e\u003cspan class=\"list-content\"\u003eMen and women of age 15 years and above.\u003c/span\u003e\u003c/li\u003e\r\n\u003cli\u003e\u003cspan class=\"list-content\"\u003eThe hair oil is suitable for all hair types.\u003c/span\u003e\u003c/li\u003e\r\n\u003c/ul\u003e"},{"attribute_code":"attribute_value_5","value":"\u003cul class=\"compare-list\"\u003e\r\n\u003cli\u003e\r\n\u003cdiv class=\"compare-img\"\u003e\u003cimg src=\"https://images.mamaearth.in/wysiwyg/onion-hair-oil_1_1_10.jpg\" alt=\"Mamaearth Onion Hair Oil Better Than Others Available In The Market\" /\u003e\u003c/div\u003e\r\n\u003cdiv class=\"compare-content\"\u003e\r\n\u003cul\u003e\r\n\u003cli\u003eReduces Hairfall\u003c/li\u003e\r\n\u003cli\u003ePromotes Hair Growth\u003c/li\u003e\r\n\u003cli\u003eNourishes Hair\u003c/li\u003e\r\n\u003cli\u003eSuitable For All Hair Types\u003c/li\u003e\r\n\u003cli\u003eNo Harmful Chemicals\u003c/li\u003e\r\n\u003c/ul\u003e\r\n\u003c/div\u003e\r\n\u003c/li\u003e\r\n\u003cli\u003e\r\n\u003cdiv class=\"compare-img\"\u003e\u003cimg src=\"https://images.mamaearth.in/wysiwyg/ordinary-300x300.png\" alt=\"Why Is Mamaearth Onion Hair Oil Better Than Others\" /\u003e\u003c/div\u003e\r\n\u003cdiv class=\"compare-content\"\u003e\r\n\u003cul\u003e\r\n\u003cli\u003eDoes Not Work on Specific Issues\u003c/li\u003e\r\n\u003cli\u003eDoes Not Nourish Enough\u003c/li\u003e\r\n\u003cli\u003eMay Or May Not Provide Nourishment\u003c/li\u003e\r\n\u003cli\u003eNot Suitable For All Hair Types\u003c/li\u003e\r\n\u003cli\u003eContains Parabens \u0026amp; Silicones\u003c/li\u003e\r\n\u003c/ul\u003e\r\n\u003c/div\u003e\r\n\u003c/li\u003e\r\n\u003c/ul\u003e"},{"attribute_code":"attribute_value_6","value":"\u003ctable\u003e\r\n\u003ctbody\u003e\r\n\u003ctr\u003e\r\n\u003ctd\u003e\r\n\u003cp\u003e\u003cstrong\u003eIngredients\u003c/strong\u003e\u003c/p\u003e\r\n\u003c/td\u003e\r\n\u003ctd\u003e\r\n\u003cp\u003e\u003cstrong\u003eType\u003c/strong\u003e\u003c/p\u003e\r\n\u003c/td\u003e\r\n\u003ctd\u003e\r\n\u003cp\u003e\u003cstrong\u003eWhere Is It From?\u003c/strong\u003e\u003c/p\u003e\r\n\u003c/td\u003e\r\n\u003ctd\u003e\r\n\u003cp\u003e\u003cstrong\u003eHow It Helps?\u003c/strong\u003e\u003c/p\u003e\r\n\u003c/td\u003e\r\n\u003c/tr\u003e\r\n\u003ctr\u003e\r\n\u003ctd\u003e\r\n\u003cp\u003e\u003cspan style=\"font-weight: 400;\"\u003eSunflower Oil\u003c/span\u003e\u003c/p\u003e\r\n\u003c/td\u003e\r\n\u003ctd\u003e\r\n\u003cp\u003e\u003cspan style=\"font-weight: 400;\"\u003eNatural\u003c/span\u003e\u003c/p\u003e\r\n\u003c/td\u003e\r\n\u003ctd\u003e\r\n\u003cp\u003e\u003cspan style=\"font-weight: 400;\"\u003ePlant-Based\u003c/span\u003e\u003c/p\u003e\r\n\u003c/td\u003e\r\n\u003ctd\u003e\r\n\u003cp\u003e\u003cspan style=\"font-weight: 400;\"\u003eHair Nourisher\u003c/span\u003e\u003c/p\u003e\r\n\u003c/td\u003e\r\n\u003c/tr\u003e\r\n\u003ctr\u003e\r\n\u003ctd\u003e\r\n\u003cp\u003e\u003cspan style=\"font-weight: 400;\"\u003eIsopropyl Myristate\u003c/span\u003e\u003c/p\u003e\r\n\u003c/td\u003e\r\n\u003ctd\u003e\r\n\u003cp\u003e\u003cspan style=\"font-weight: 400;\"\u003eNatural\u003c/span\u003e\u003c/p\u003e\r\n\u003c/td\u003e\r\n\u003ctd\u003e\r\n\u003cp\u003e\u003cspan style=\"font-weight: 400;\"\u003eNatural\u003c/span\u003e\u003c/p\u003e\r\n\u003c/td\u003e\r\n\u003ctd\u003e\r\n\u003cp\u003e\u003cspan style=\"font-weight: 400;\"\u003eEmollient\u003c/span\u003e\u003c/p\u003e\r\n\u003c/td\u003e\r\n\u003c/tr\u003e\r\n\u003ctr\u003e\r\n\u003ctd\u003e\r\n\u003cp\u003e\u003cspan style=\"font-weight: 400;\"\u003eCaprylic/Capric Triglyceride\u003c/span\u003e\u003c/p\u003e\r\n\u003c/td\u003e\r\n\u003ctd\u003e\r\n\u003cp\u003e\u003cspan style=\"font-weight: 400;\"\u003eNatural\u003c/span\u003e\u003c/p\u003e\r\n\u003c/td\u003e\r\n\u003ctd\u003e\r\n\u003cp\u003e\u003cspan style=\"font-weight: 400;\"\u003ePlant-Based\u003c/span\u003e\u003c/p\u003e\r\n\u003c/td\u003e\r\n\u003ctd\u003e\r\n\u003cp\u003e\u003cspan style=\"font-weight: 400;\"\u003eEmollient\u003c/span\u003e\u003c/p\u003e\r\n\u003c/td\u003e\r\n\u003c/tr\u003e\r\n\u003ctr\u003e\r\n\u003ctd\u003e\r\n\u003cp\u003e\u003cspan style=\"font-weight: 400;\"\u003eJojoba Oil\u003c/span\u003e\u003c/p\u003e\r\n\u003c/td\u003e\r\n\u003ctd\u003e\r\n\u003cp\u003e\u003cspan style=\"font-weight: 400;\"\u003eNatural\u003c/span\u003e\u003c/p\u003e\r\n\u003c/td\u003e\r\n\u003ctd\u003e\r\n\u003cp\u003e\u003cspan style=\"font-weight: 400;\"\u003ePlant-Based\u003c/span\u003e\u003c/p\u003e\r\n\u003c/td\u003e\r\n\u003ctd\u003e\r\n\u003cp\u003e\u003cspan style=\"font-weight: 400;\"\u003ePrevents Hair Loss\u003c/span\u003e\u003c/p\u003e\r\n\u003c/td\u003e\r\n\u003c/tr\u003e\r\n\u003ctr\u003e\r\n\u003ctd\u003e\r\n\u003cp\u003e\u003cspan style=\"font-weight: 400;\"\u003eCastor Oil\u003c/span\u003e\u003c/p\u003e\r\n\u003c/td\u003e\r\n\u003ctd\u003e\r\n\u003cp\u003e\u003cspan style=\"font-weight: 400;\"\u003eNatural\u003c/span\u003e\u003c/p\u003e\r\n\u003c/td\u003e\r\n\u003ctd\u003e\r\n\u003cp\u003e\u003cspan style=\"font-weight: 400;\"\u003ePlant-Based\u003c/span\u003e\u003c/p\u003e\r\n\u003c/td\u003e\r\n\u003ctd\u003e\r\n\u003cp\u003e\u003cspan style=\"font-weight: 400;\"\u003eBoosts Hair Growth\u003c/span\u003e\u003c/p\u003e\r\n\u003c/td\u003e\r\n\u003c/tr\u003e\r\n\u003ctr\u003e\r\n\u003ctd\u003e\r\n\u003cp\u003e\u003cspan style=\"font-weight: 400;\"\u003eAmla Extract\u003c/span\u003e\u003c/p\u003e\r\n\u003c/td\u003e\r\n\u003ctd\u003e\r\n\u003cp\u003e\u003cspan style=\"font-weight: 400;\"\u003eNatural\u003c/span\u003e\u003c/p\u003e\r\n\u003c/td\u003e\r\n\u003ctd\u003e\r\n\u003cp\u003e\u003cspan style=\"font-weight: 400;\"\u003ePlant-Based\u003c/span\u003e\u003c/p\u003e\r\n\u003c/td\u003e\r\n\u003ctd\u003e\r\n\u003cp\u003e\u003cspan style=\"font-weight: 400;\"\u003eHair Strengthener\u003c/span\u003e\u003c/p\u003e\r\n\u003c/td\u003e\r\n\u003c/tr\u003e\r\n\u003ctr\u003e\r\n\u003ctd\u003e\r\n\u003cp\u003e\u003cspan style=\"font-weight: 400;\"\u003eBhringraj Extract\u003c/span\u003e\u003c/p\u003e\r\n\u003c/td\u003e\r\n\u003ctd\u003e\r\n\u003cp\u003e\u003cspan style=\"font-weight: 400;\"\u003eNatural\u003c/span\u003e\u003c/p\u003e\r\n\u003c/td\u003e\r\n\u003ctd\u003e\r\n\u003cp\u003e\u003cspan style=\"font-weight: 400;\"\u003ePlant-Based\u003c/span\u003e\u003c/p\u003e\r\n\u003c/td\u003e\r\n\u003ctd\u003e\r\n\u003cp\u003e\u003cspan style=\"font-weight: 400;\"\u003eBoosts Hair Growth\u003c/span\u003e\u003c/p\u003e\r\n\u003c/td\u003e\r\n\u003c/tr\u003e\r\n\u003ctr\u003e\r\n\u003ctd\u003e\r\n\u003cp\u003e\u003cspan style=\"font-weight: 400;\"\u003eGurhal Extract\u003c/span\u003e\u003c/p\u003e\r\n\u003c/td\u003e\r\n\u003ctd\u003e\r\n\u003cp\u003e\u003cspan style=\"font-weight: 400;\"\u003eNatural\u003c/span\u003e\u003c/p\u003e\r\n\u003c/td\u003e\r\n\u003ctd\u003e\r\n\u003cp\u003e\u003cspan style=\"font-weight: 400;\"\u003ePlant-Based\u003c/span\u003e\u003c/p\u003e\r\n\u003c/td\u003e\r\n\u003ctd\u003e\r\n\u003cp\u003e\u003cspan style=\"font-weight: 400;\"\u003eBoosts Hair Growth\u003c/span\u003e\u003c/p\u003e\r\n\u003c/td\u003e\r\n\u003c/tr\u003e\r\n\u003ctr\u003e\r\n\u003ctd\u003e\r\n\u003cp\u003e\u003cspan style=\"font-weight: 400;\"\u003eSesame Oil\u003c/span\u003e\u003c/p\u003e\r\n\u003c/td\u003e\r\n\u003ctd\u003e\r\n\u003cp\u003e\u003cspan style=\"font-weight: 400;\"\u003eNatural\u003c/span\u003e\u003c/p\u003e\r\n\u003c/td\u003e\r\n\u003ctd\u003e\r\n\u003cp\u003e\u003cspan style=\"font-weight: 400;\"\u003ePlant-Based\u003c/span\u003e\u003c/p\u003e\r\n\u003c/td\u003e\r\n\u003ctd\u003e\r\n\u003cp\u003e\u003cspan style=\"font-weight: 400;\"\u003eBoosts Hair Growth\u003c/span\u003e\u003c/p\u003e\r\n\u003c/td\u003e\r\n\u003c/tr\u003e\r\n\u003ctr\u003e\r\n\u003ctd\u003e\r\n\u003cp\u003e\u003cspan style=\"font-weight: 400;\"\u003eOnion Oil Extract\u003c/span\u003e\u003c/p\u003e\r\n\u003c/td\u003e\r\n\u003ctd\u003e\r\n\u003cp\u003e\u003cspan style=\"font-weight: 400;\"\u003eNatural\u003c/span\u003e\u003c/p\u003e\r\n\u003c/td\u003e\r\n\u003ctd\u003e\r\n\u003cp\u003e\u003cspan style=\"font-weight: 400;\"\u003ePlant-Based\u003c/span\u003e\u003c/p\u003e\r\n\u003c/td\u003e\r\n\u003ctd\u003e\r\n\u003cp\u003e\u003cspan style=\"font-weight: 400;\"\u003eControls Hair Fall \u003c/span\u003e\u003c/p\u003e\r\n\u003c/td\u003e\r\n\u003c/tr\u003e\r\n\u003ctr\u003e\r\n\u003ctd\u003e\r\n\u003cp\u003e\u003cspan style=\"font-weight: 400;\"\u003eBrahmi Extract\u003c/span\u003e\u003c/p\u003e\r\n\u003c/td\u003e\r\n\u003ctd\u003e\r\n\u003cp\u003e\u003cspan style=\"font-weight: 400;\"\u003eNatural\u003c/span\u003e\u003c/p\u003e\r\n\u003c/td\u003e\r\n\u003ctd\u003e\r\n\u003cp\u003e\u003cspan style=\"font-weight: 400;\"\u003ePlant-Based\u003c/span\u003e\u003c/p\u003e\r\n\u003c/td\u003e\r\n\u003ctd\u003e\r\n\u003cp\u003e\u003cspan style=\"font-weight: 400;\"\u003eHair Strengthener\u003c/span\u003e\u003c/p\u003e\r\n\u003c/td\u003e\r\n\u003c/tr\u003e\r\n\u003ctr\u003e\r\n\u003ctd\u003e\r\n\u003cp\u003e\u003cspan style=\"font-weight: 400;\"\u003eNatural Vitamin E\u003c/span\u003e\u003c/p\u003e\r\n\u003c/td\u003e\r\n\u003ctd\u003e\r\n\u003cp\u003e\u003cspan style=\"font-weight: 400;\"\u003eNatural\u003c/span\u003e\u003c/p\u003e\r\n\u003c/td\u003e\r\n\u003ctd\u003e\r\n\u003cp\u003e\u003cspan style=\"font-weight: 400;\"\u003ePlant-Based\u003c/span\u003e\u003c/p\u003e\r\n\u003c/td\u003e\r\n\u003ctd\u003e\r\n\u003cp\u003e\u003cspan style=\"font-weight: 400;\"\u003eBoosts Hair Growth\u003c/span\u003e\u003c/p\u003e\r\n\u003c/td\u003e\r\n\u003c/tr\u003e\r\n\u003ctr\u003e\r\n\u003ctd\u003e\r\n\u003cp\u003e\u003cspan style=\"font-weight: 400;\"\u003eOnion Seed Oil\u003c/span\u003e\u003c/p\u003e\r\n\u003c/td\u003e\r\n\u003ctd\u003e\r\n\u003cp\u003e\u003cspan style=\"font-weight: 400;\"\u003eNatural\u003c/span\u003e\u003c/p\u003e\r\n\u003c/td\u003e\r\n\u003ctd\u003e\r\n\u003cp\u003e\u003cspan style=\"font-weight: 400;\"\u003ePlant-Based\u003c/span\u003e\u003c/p\u003e\r\n\u003c/td\u003e\r\n\u003ctd\u003e\r\n\u003cp\u003e\u003cspan style=\"font-weight: 400;\"\u003ePrevents Hair Loss\u003c/span\u003e\u003c/p\u003e\r\n\u003cp\u003e\u003cspan style=\"font-weight: 400;\"\u003e \u003c/span\u003e\u003c/p\u003e\r\n\u003c/td\u003e\r\n\u003c/tr\u003e\r\n\u003ctr\u003e\r\n\u003ctd\u003e\r\n\u003cp\u003e\u003cspan style=\"font-weight: 400;\"\u003eIFRA Certified Allergen Free Fragrance\u003c/span\u003e\u003c/p\u003e\r\n\u003c/td\u003e\r\n\u003ctd\u003e\r\n\u003cp\u003e\u003cspan style=\"font-weight: 400;\"\u003eSynthetic\u003c/span\u003e\u003c/p\u003e\r\n\u003c/td\u003e\r\n\u003ctd\u003e\r\n\u003cp\u003e\u003cspan style=\"font-weight: 400;\"\u003eLab Synthesized\u003c/span\u003e\u003c/p\u003e\r\n\u003c/td\u003e\r\n\u003ctd\u003e\r\n\u003cp\u003e\u003cspan style=\"font-weight: 400;\"\u003eFragrance\u003c/span\u003e\u003c/p\u003e\r\n\u003c/td\u003e\r\n\u003c/tr\u003e\r\n\u003ctr\u003e\r\n\u003ctd\u003e\r\n\u003cp\u003e\u003cspan style=\"font-weight: 400;\"\u003eTinogard® TT\u003c/span\u003e\u003c/p\u003e\r\n\u003c/td\u003e\r\n\u003ctd\u003e\r\n\u003cp\u003e\u003cspan style=\"font-weight: 400;\"\u003eSynthetic\u003c/span\u003e\u003c/p\u003e\r\n\u003c/td\u003e\r\n\u003ctd\u003e\r\n\u003cp\u003e\u003cspan style=\"font-weight: 400;\"\u003eLab Synthesized\u003c/span\u003e\u003c/p\u003e\r\n\u003c/td\u003e\r\n\u003ctd\u003e\r\n\u003cp\u003e\u003cspan style=\"font-weight: 400;\"\u003eAntioxidant\u003c/span\u003e\u003c/p\u003e\r\n\u003c/td\u003e\r\n\u003c/tr\u003e\r\n\u003ctr\u003e\r\n\u003ctd\u003e\r\n\u003cp\u003e\u003cspan style=\"font-weight: 400;\"\u003eRedensyl\u003c/span\u003e\u003c/p\u003e\r\n\u003c/td\u003e\r\n\u003ctd\u003e\r\n\u003cp\u003e\u003cspan style=\"font-weight: 400;\"\u003eNatural\u003c/span\u003e\u003c/p\u003e\r\n\u003c/td\u003e\r\n\u003ctd\u003e\r\n\u003cp\u003e\u003cspan style=\"font-weight: 400;\"\u003ePlant-Based\u003c/span\u003e\u003c/p\u003e\r\n\u003c/td\u003e\r\n\u003ctd\u003e\r\n\u003cp\u003e\u003cspan style=\"font-weight: 400;\"\u003eBoosts Hair Growth\u003c/span\u003e\u003c/p\u003e\r\n\u003c/td\u003e\r\n\u003c/tr\u003e\r\n\u003c/tbody\u003e\r\n\u003c/table\u003e"},{"attribute_code":"attribute_value_7","value":"\u003cdiv id=\"faqs\"\u003e\r\n\u003cp\u003eHow to use Mamaearth onion hair oil?\u003c/p\u003e\r\n\u003cp\u003eTake new hair growth oil few drops on your fingertips and apply it to your scalp. Massage deeply for at least 10 mins into your scalp so that Mamaearth hair onion oil reaches your hair roots. For best results leave the Mamaearth oil onion overnight or for a few hours before washing your hair. The next step is to choose a toxin-free hair shampoo and wash your hair gently with an effective shampoo.\u003c/p\u003e\r\n\u003cp\u003eWhat are the benefits of onion hair oil?\u003c/p\u003e\r\n\u003cp\u003eMamaearth onion seed oil for hair has been formulated with the benefits of onion hair oil, bhringraj oil, almond oil, amla oil, castor oil, and Redensyl oil to provide you with healthier and shinier hair quality. This Hair Fall Control Oil is very lightweight and non-sticky with an amazing fragrance. Powered by onion benefits of Mamaearth organic onion hair oil, Hair fall onion oil for hair growth reduces hair fall and helps accelerate hair growth. Mamaearth onion hair growth oil is free of harmful chemicals and toxins and is certified by Made Safe.\u003c/p\u003e\r\n\u003cp\u003eCan onion oil be used daily?\u003c/p\u003e\r\n\u003cp\u003eYou should use onion oil for hair at least twice a week for better results. You should opt for a safe and natural hair care product that does not contain any harmful chemicals or toxins for the best results.\u003c/p\u003e\r\n\u003cp\u003eDoes Mamaearth onion oil regrow hair?\u003c/p\u003e\r\n\u003cp\u003eThere has been much research regarding the use and onion oil benefits for hair growth. According to them, best hair fall oil in india starts showing its effects after 2 weeks of regular use. People used Mamaearth onion oil twice a week and saw tremendous results. This Hair Fall Control Oil is thus named as hair growth oil by thousands of people.\u003c/p\u003e\r\n\u003cp\u003eIs onion hair oil good for hair?\u003c/p\u003e\r\n\u003cp\u003eYes, onion hair oil benefits our hair health in many ways due to its nutritional value. It contains a high quotient of sulfur, which aids in strengthening hair follicles, reducing breakage, and promoting hair growth. Besides, it is rich in antibacterial and antifungal qualities that help treat scalp infection, relieve itch and irritation in the scalp, and reduce dandruff. Its antioxidant properties encourage a healthier environment for hair growth, support healthier follicles, and make hair regain its thickness. Regularly applying onion hair oil can improve blood circulation to the scalp, allowing the nutrients to seep into the roots and promoting healthier hair growth.\u003c/p\u003e\r\n\u003cp\u003eHow does onion help in hair growth?\u003c/p\u003e\r\n\u003cp\u003eOnion oil benefits in promoting collagen production. The production of collagen in this hair fall oil then helps the growth of healthy hair and skin cells. Application of onion juice to the scalp increased blood circulation to the hair follicles, thus improving hair growth.\u003c/p\u003e\r\n\u003cp\u003eHow is Mamaearth Onion Hair Oil?\u003c/p\u003e\r\n\u003cp\u003eOnion Scalpe Oil Enriched with the Goodness of Nature, Onion Hair loss Oil is the best red onion hair oil in India. It features onion hair oil, almond oil, bhringraj oil, castor oil, and Redensyl that together nourish and strengthen hair follicles and treat hair fall. This Hair Fall Control Oil also contains amla oil that prevents premature graying and improves the hair texture.\u003c/p\u003e\r\n\u003cp\u003eCan we use onion oil for hair growth on face?\u003c/p\u003e\r\n\u003cp\u003eThe uses of onion oil are limited to hair and scalp. You may use hair oil for hair loss, adding strength and shine, and to nourish the scalp but you should not use it on your face.\u003c/p\u003e\r\n\u003cp\u003eWhat are the Mamaearth Onion Oil Ingredients?\u003c/p\u003e\r\n\u003cp\u003eMamaearth Onion Hair Oil for hair growth Ingredients include onion oil, almond oil, bhringraj oil, Redensyl for hair, castor oil, and amla oil. These ingredients help boost hair growth, add strength and shine, and balance the scalp’s pH.\u003c/p\u003e\r\n\u003cp\u003eWhat is the price of mamaearth onion hair oil?\u003c/p\u003e\r\n\u003cp\u003eThe Mamaearth onion oil price in india is very economical and pocket-friendly. The Pure Onion Hair Oil For Hair Growth costs is Rs. 419 for a 150 ml pack.\u003c/p\u003e\r\n\u003cp\u003eWhich onion oil is best for gray hair?\u003c/p\u003e\r\n\u003cp\u003eIt is important to opt for a safe, natural and gentle onion oil for grey hair. We recommend you choose Mamaearth Onion Hair Oil for Hair Regrowth and Hair Fall Control with Redensyl, it is the best oil for hair fall control in India. This Hair Fall Control Oil boosts your hair growth, adds strength and shine, and nourishes the scalp.\u003c/p\u003e\r\n\u003cp\u003eWhich is best hair oil for hair fall control?\u003c/p\u003e\r\n\u003cp\u003eOnion oil, especially red onion hair oil for baldness, is one of the best hair fall control oil.\u003c/p\u003e\r\n\u003cp\u003eDoes onion oil for hair growth reduce hair fall?\u003c/p\u003e\r\n\u003cp\u003eMamaearth onion oil for hair fall can supply additional Sulfur to maintain strong and thick hair, best hair oil for hair loss helps in reducing hair fall and boosting new hair growth when applied to the hair and scalp. Onion for hair regrowth oil may aid in collagen formation as it contains sulfur. Collagen, in response, promotes the formation of healthy skin cells and hair growth. \u003c/p\u003e\r\n\u003cp\u003eWhat is the coupon code for mamaearth onion hair oil?\u003c/p\u003e\r\n\u003cp\u003eUsers can avail 20% discount after using ONION21 Coupon code for Mamaearth onion hair oil.\u003c/p\u003e\r\n\u003cp\u003eWhich is the best onion oil for hair growth in India?\u003c/p\u003e\r\n\u003cp\u003eMamaearth Onion Hair oil is the best hair growth oil in India. Hair fall control oil contains sulfur and potassium that improve hair growth, reduce hair fall and unblock hair follicles. This oil also contains the natural goodness of amla, bhringraj, and castor oil that make onion oil good for hair growth. You can see that Mamaearth Hair Growth Onion Hair Oil is good as it is made from the goodness of natural ingredients and has no side effects\u003c/p\u003e\r\n\u003cp\u003eCan I apply onion oil overnight?\u003c/p\u003e\r\n\u003cp\u003eYes, you can. Onion oil is rich in nutrients like B9, C, and B6 and potassium, which help strengthen hair follicles, reduce scalp irritation, and prevent breakage. Massaging it on your scalp and leaving it for several hours allows the essential nutrients to get absorbed into the hair evenly, promoting healthier and thicker hair. However, if you have sensitive scalp health, it is advisable to perform a patch test to analyze if your scalp responds positively to it. If you develop any allergic reaction or itchiness within 1-2 hours of oily, you can avoid leaving it overnight.\u003c/p\u003e\r\n\u003cp\u003eHow long does it take for onion oil to grow hair?\u003c/p\u003e\r\n\u003cp\u003eEveryone has a different pace of hair growth, depending on their scalp condition, diet, and lifestyle habits. However, onion hair oil is known for its growth-promoting qualities, which are said to show results within 4-6 weeks of consistent use. We recommend applying onion oil not more than thrice a week for best results. Experts recommend a nourishing yet potent formula without any artificial fragrance or preservatives. The right combination of ingredients helps stimulate hair follicles, improve blood flow, and provide nutrients to the scalp, leading to healthier, thicker hair strands.\u003c/p\u003e\r\n\u003cp\u003eDoes onion oil work for hair growth?\u003c/p\u003e\r\n\u003cp\u003eYes, it does. As a primary ingredient, onion makes the formulation effective for promoting hair growth. Onion oil is rich in sulfur, potassium, and essential vitamins B9, C, and B6 for hair growth. While sulfur prevents breakage and split ends, the antioxidants in onion oil protect the hair from the damaging effects of free radicals. Massaged rightly and frequently stimulates blood flow in the scalp, strengthens the hair follicles,  reduces irritation and itch, and promotes healthier hair growth. The key is to find a suitable formulation made with growth-boosting ingredients. \u003c/p\u003e\r\n\u003c/div\u003e"},{"attribute_code":"meta_keyword","value":"onion hair oil, onion oil, buy onion oil online, onion hair oil for hair fall control, onion oil for hair fall control, mamaearth onion hair oil, mamaearth onion oil, onion oil, onion hair oil in India, onion hair oil for hair growth, onion hair oil for hair fall, onion hair oil for hair regrowth, onion hair oil Ingredients, onion hair oil mamaearth price"},{"attribute_code":"tag_keywords","value":"onion hair oil, onion oil, buy onion oil online, onion hair oil for hair fall control, onion oil for hair fall control, mamaearth onion hair oil, mamaearth onion oil, onion oil, onion hair oil in India, onion hair oil for hair growth, onion hair oil for hair fall, onion hair oil for hair regrowth, onion hair oil Ingredients, onion hair oil mamaearth price"},{"attribute_code":"special_price","value":null},{"attribute_code":"special_from_date","value":"2024-05-10 07:39:00"}],"hide_in_front":0,"image":"/_/o/_onion-oil-250ml__1_1_1.jpeg","imageAltTags":["Mamaearth onion oil","mamaearth onion oil benefits","mamaearth onion oil ingredients","onion oil before and after","mamaearth onion oil uses","onion oil regimen","mamaearth onion hair oil uses"],"is_in_stock":true,"name":"Onion Hair Oil with Onion Oil \u0026 Redensyl for Hair Fall Control - 250 ml","position":"3","price":"599.00","product_card_tags":"Boosts Hair Growth | Adds Strength \u0026 Shine","review_count":138,"sku":"8906087772491","special_price":"","special_price_from_date":{"date":"2024-05-10 13:09:00","timezone_type":3,"timezone":"Asia/Kolkata"},"tags":"Best-Seller","url_key":"onion-hair-oil-for-hair-regrowth-hair-fall-control-with-redensyl-250ml","configurable_option":{"attribute_id":291,"option_id":346,"attribute_label":"Onion_Hair_Oil_Swatch","title":"250 ml","swatch_data":{"swatch_id":494,"option_id":346,"store_id":1,"type":0,"value":"250 ml"}},"siblings":[{"id":1229,"sku":"8906087771883","name":"Onion Hair Oil with Onion Oil \u0026 Redensyl for Hair Fall Control - 150 ml","url_key":"onion-hair-oil-for-hair-regrowth-hair-fall-control-with-redensyl-150ml","price":"419.00","is_in_stock":false,"custom_attributes":[{"attribute_code":"saving_scheme","value":"price_per_100_ml"},{"attribute_code":"volume","value":"150"}],"special_price":"","parent_id":1228,"attribute_id":291,"option_id":322,"parent_sku":"09090909-251","attribute_label":"Onion_Hair_Oil_Swatch","title":"150 ml","swatch_data":{"swatch_id":452,"option_id":322,"store_id":1,"type":0,"value":"150 ml"},"special_from_date":{"date":"2024-05-10 13:09:00","timezone_type":3,"timezone":"Asia/Kolkata"}},{"id":1204,"sku":"8904417313857","name":"Onion Hair Oil for Hair Regrowth and Hair Fall Control - 250ml (Pack of 2)","url_key":"onion-hair-oil-for-hair-regrowth-hair-fall-control-with-redensyl-250ml-pack-of-2","price":"1,198.00","is_in_stock":true,"custom_attributes":[{"attribute_code":"saving_scheme","value":"price_per_100_ml"},{"attribute_code":"volume","value":"500"}],"special_price":"1,078.00","parent_id":1228,"attribute_id":291,"option_id":347,"parent_sku":"09090909-251","attribute_label":"Onion_Hair_Oil_Swatch","title":"250 ml (Pack of 2)","swatch_data":{"swatch_id":496,"option_id":347,"store_id":1,"type":0,"value":"250 ml (Pack of 2)"},"special_from_date":{"date":"2025-05-24 00:01:00","timezone_type":3,"timezone":"Asia/Kolkata"}}],"product_subtitle_keys":["Buy 1 Get 1 FREE"," Bestseller"," Hair oil"],"size":"250ml","unitPrice":"2.40/ml","old_productid":"221","generic_name":null},{"id":1284,"tier_prices":[],"avg_rating_percent":100,"categories":[2,27,39,45,162,272,338,324,354,295,163,160,158,212,363,393,421,377,33],"created_at":"2024-06-06 11:32:56","custom_attributes":[{"attribute_code":"manufacturer","value":"(A) Indo Herbal Products, Unit-2, Plot No. 28-29, Sector 1B, IIE, SIDCUL, Ranipur, Haridwar, 249403 Regd. Address: - C-84 Panchsheel Enclave, New Delhi, India – 110017  M. : 20/C/U.A/2010."},{"attribute_code":"meta_title","value":" Rosemary Anti-Hair Fall Shampoo with Rosemary \u0026 Methi Dana for Reducing Hair Loss \u0026 Breakage - 600 ml"},{"attribute_code":"meta_description","value":"\r\nRosemary Anti-Hair Fall Shampoo with Rosemary \u0026 Methi Dana for Reducing Hair Loss \u0026 Breakage - 600 ml\r\n"},{"attribute_code":"image","value":"/w/i/with-claim.jpg"},{"attribute_code":"small_image","value":"/w/i/with-claim.jpg"},{"attribute_code":"thumbnail","value":"/w/i/with-claim.jpg"},{"attribute_code":"options_container","value":"container2"},{"attribute_code":"country_of_manufacture","value":"IN"},{"attribute_code":"url_key","value":"rosemary-anti-hair-fall-shampoo-600ml"},{"attribute_code":"msrp_display_actual_price_type","value":"0"},{"attribute_code":"gift_message_available","value":"2"},{"attribute_code":"swatch_image","value":"/w/i/with-claim.jpg"},{"attribute_code":"attribute_label_1","value":"About Rosemary Anti Hair Fall Shampoo"},{"attribute_code":"attribute_label_2","value":"Key Ingredients"},{"attribute_code":"attribute_label_3","value":"How to Use"},{"attribute_code":"attribute_label_4","value":"Who can Use"},{"attribute_code":"attribute_label_5","value":"Why Mamaearth"},{"attribute_code":"attribute_label_6","value":"Ingredient List"},{"attribute_code":"attribute_label_7","value":"FAQS"},{"attribute_code":"best_before","value":"24 Months"},{"attribute_code":"dimensions","value":"10 * 5 * 5 cm"},{"attribute_code":"ean_code","value":"8904417315073"},{"attribute_code":"mrp","value":"839"},{"attribute_code":"old_productid","value":"1282"},{"attribute_code":"tags","value":"trending"},{"attribute_code":"marketed_by","value":"Honasa Consumer Limited, 10th and 11th Floor, Capital Cyberscape, Sector 59, Gurugram, Haryana, 122101"},{"attribute_code":"live_url","value":"https://mamaearth.in/product/rosemary-anti-hair-fall-shampoo-600ml"},{"attribute_code":"license_no","value":"20/C/U.A/2010, 2/C/U.A/2023"},{"attribute_code":"length","value":"10"},{"attribute_code":"google_category","value":"2915"},{"attribute_code":"cms_sequence","value":"1,2,3,4,5,6,7,8"},{"attribute_code":"width","value":"5"},{"attribute_code":"height","value":"5"},{"attribute_code":"breadcrumb_category","value":"39","title":"Best Shampoo for Hair Growth","url_key":"hair-shampoo"},{"attribute_code":"custom_product_type","value":"be_hair"},{"attribute_code":"brand","value":"4"},{"attribute_code":"product_card_tags","value":"Gives up to 94% Stronger Hair | Up to 93% Less Hair Fall | Made Safe Certified"},{"attribute_code":"saving_scheme","value":"price_per_100_ml"},{"attribute_code":"product_subtitle_keys","value":"Buy 1 Get 1 FREE, Shampoo, Rosemary"},{"attribute_code":"product_card_background_colour","value":"#FBF4FF"},{"attribute_code":"is_suitable_for_skin_type","value":"465","label":"normal"},{"attribute_code":"hair_goals","value":"479,477,484","label":"hair fall reduction, hair strengthening, soft and shiny hair"},{"attribute_code":"tax_class_id","value":"2"},{"attribute_code":"create_scarcity","value":"0"},{"attribute_code":"hide_product_infront","value":"0"},{"attribute_code":"show_in_feed","value":"1"},{"attribute_code":"base_category","value":"85"},{"attribute_code":"base_sub_category","value":"73"},{"attribute_code":"key_ingredient","value":"507"},{"attribute_code":"show_price_per_unit","value":"1"},{"attribute_code":"volume","value":"600"},{"attribute_code":"enable_fbt_popup","value":"0"},{"attribute_code":"rosemary_shampoo_swatch","value":"555"},{"attribute_code":"strikethrough","value":"1"},{"attribute_code":"short_description","value":"\u003cp\u003e\u003cspan style=\"font-weight: 400;\"\u003eStruggling with excessive hair loss? Mamaearth Rosemary Anti-Hair Fall Shampoo to the rescue! Crafted with the natural goodness of Rosemary, a super potent herb that’s proven to stimulate hair growth. The shampoo is also infused with Methi Dana - a time-tested ingredient that helps control hair fall. \u003c/span\u003e\u003c/p\u003e\r\n\u003cp\u003e\u003cspan style=\"font-weight: 400;\"\u003eTogether, this power-packed duo packs quite a punch. In turn, the Rosemary Anti-Hair Fall Shampoo gives you up to 94% stronger hair* and results in up to 93% less hair fall*. Rosemary strengthens weakened hair follicles and promotes hair growth while Methi Dana is extremely effective in controlling hair fall. It also strengthens the hair follicles and curbs hair shedding. The Rosemary Anti-Hair Fall Shampoo gently cleanses your scalp and hair while fortifying your locks with its nutrient-rich formulation. \u003c/span\u003e\u003c/p\u003e\r\n\u003cp\u003e\u003cspan style=\"font-weight: 400;\"\u003eThat’s not all, Rosemary Anti-Hair Fall Shampoo is also Made Safe Certified, which means it contains no toxins or harmful chemicals and is enriched with nature’s finest ingredients. \u003c/span\u003e\u003c/p\u003e\r\n\u003cp\u003e\u003cspan style=\"font-weight: 400;\"\u003e*Post 3 washes of Mamaearth Rosemary Anti-Hair Fall Shampoo \u0026amp; Conditioner vs Non-Conditioning Shampoo, based on clinical studies done in an independent facility in 2023 (Hair Fall due to breakage).\u003c/span\u003e\u003c/p\u003e"},{"attribute_code":"attribute_value_1","value":"\u003cdiv class=\"list-banner\"\u003e\u003cimg src=\"https://images.mamaearth.in/wysiwyg/rosemary_600ml_aplus.jpg\" alt=\"Mamaearth Rosemary Shampoo\" /\u003e\r\n\u003cp style=\"text-align: center;\"\u003eMamaearth Rosemary Shampoo\u003c/p\u003e\r\n\u003c/div\u003e"},{"attribute_code":"attribute_value_2","value":"\u003cul class=\"woodmart-list\"\u003e\r\n\u003cli\u003e\r\n\u003cdiv class=\"list-icon\"\u003e\u003cimg loading=\"lazy\" src=\"https://images.mamaearth.in/wysiwyg/05-06-2023/1.jpg\" alt=\"rosemary oil in shampoo\" width=\"180\" height=\"180\" /\u003e\u003c/div\u003e\r\n\u003cspan class=\"list-content\" style=\"text-align: justify;\"\u003e\u003cstrong\u003eRosemary: \u003c/strong\u003eIt seeps into the hair follicles and stimulates hair growth.\u003c/span\u003e\u003c/li\u003e\r\n\u003cli\u003e\r\n\u003cdiv class=\"list-icon\"\u003e\u003cimg loading=\"lazy\" src=\"https://images.mamaearth.in/wysiwyg/05-06-2023/2.jpg\" alt=\"methi dana in shampoo\" width=\"165\" height=\"140\" /\u003e\u003c/div\u003e\r\n\u003cspan class=\"list-content\" style=\"text-align: justify;\"\u003e\u003cstrong\u003eMethi Dana: \u003c/strong\u003e Rich in antioxidants, it helps control hair fall. \u003c/span\u003e\u003c/li\u003e\r\n\u003c/ul\u003e"},{"attribute_code":"attribute_value_3","value":"\u003cul\u003e\r\n\u003cli\u003e\u003cspan class=\"list-content\"\u003e\u003cstrong\u003eStep 1 : \u003c/strong\u003e Take a coin-sized amount of the Rosemary Anti-Hair Fall Shampoo\u003c/span\u003e\u003c/li\u003e\r\n\u003cli\u003e\u003cspan class=\"list-content\"\u003e\u003cstrong\u003eStep 2 : \u003c/strong\u003eApply on your scalp and work up a lather.\u003c/span\u003e\u003c/li\u003e\r\n\u003cli\u003e\u003cspan class=\"list-content\"\u003e\u003cstrong\u003eStep 3 : \u003c/strong\u003eRinse it off thoroughly.\u003c/span\u003e\u003c/li\u003e\r\n\u003cli\u003e\u003cspan class=\"list-content\"\u003e\u003cstrong\u003eStep 4 : \u003c/strong\u003eFollow it up with Mamaearth Rosemary Anti-Hair Fall Conditioner.\u003c/span\u003e\u003c/li\u003e\r\n\u003c/ul\u003e"},{"attribute_code":"attribute_value_4","value":"\u003cul style=\"list-style: disc; padding-left: 1em;\"\u003e\r\n\u003cli\u003e\u003cspan class=\"list-content\"\u003eEveryone above the age of 18 years can use this\u003c/span\u003e\u003c/li\u003e\r\n\u003cli\u003e\r\n\u003cdiv class=\"list-icon fa fa-check\"\u003eSuitable for all hair types\u003c/div\u003e\r\n\u003c/li\u003e\r\n\u003c/ul\u003e"},{"attribute_code":"attribute_value_5","value":"\u003cul class=\"compare-list\"\u003e\r\n\u003cli\u003e\r\n\u003cdiv class=\"compare-img\"\u003e\u003cimg src=\"https://images.mamaearth.in/wysiwyg/rosemary_400ml_white_bg.jpg\" alt=\"rosemary shampoo\" width=\"1201\" height=\"1200\" /\u003e\u003c/div\u003e\r\n\u003cdiv class=\"compare-content\"\u003e\r\n\u003cul\u003e\r\n\u003cli\u003eGives up to 94% Stronger Hair\u003c/li\u003e\r\n\u003cli\u003eUp to 93% Less Hair Fall\u003c/li\u003e\r\n\u003cli\u003eGently Cleanses\u003c/li\u003e\r\n\u003cli\u003eControls Hair Fall\u003c/li\u003e\r\n\u003cli\u003eSuitable For All Hair Types\u003c/li\u003e\r\n\u003cli\u003eDermatologically Tested\u003c/li\u003e\r\n\u003cli\u003eMade Safe Certified\u003c/li\u003e\r\n\u003c/ul\u003e\r\n\u003c/div\u003e\r\n\u003c/li\u003e\r\n\u003cli\u003e\r\n\u003cdiv class=\"compare-img\"\u003e\u003cimg src=\"https://images.mamaearth.in/wysiwyg/Attribute_Images/Oil-Bottle-300x300.jpg\" alt=\"\" /\u003e\u003c/div\u003e\r\n\u003cdiv class=\"compare-content\"\u003e\r\n\u003cul\u003e\r\n\u003cli\u003eDoesn’t Strengthen Hair\u003c/li\u003e\r\n\u003cli\u003eNo Hair Fall Reduction\u003c/li\u003e\r\n\u003cli\u003eHarsh on the Scalp and Hair\u003c/li\u003e\r\n\u003cli\u003eDoesn’t Control Hair Growth\u003c/li\u003e\r\n\u003cli\u003eNot Suitable For All Hair Types\u003c/li\u003e\r\n\u003cli\u003eNot Dermatologically Tested\u003c/li\u003e\r\n\u003cli\u003eNot Made Safe Certified\u003c/li\u003e\r\n\u003c/ul\u003e\r\n\u003c/div\u003e\r\n\u003c/li\u003e\r\n\u003c/ul\u003e"},{"attribute_code":"attribute_value_6","value":"\u003ctable\u003e\r\n\u003ctbody\u003e\r\n\u003ctr\u003e\r\n\u003ctd\u003e\r\n\u003cp\u003e\u003cstrong\u003eIngredients\u003c/strong\u003e\u003c/p\u003e\r\n\u003c/td\u003e\r\n\u003ctd\u003e\r\n\u003cp\u003e\u003cstrong\u003eType\u003c/strong\u003e\u003c/p\u003e\r\n\u003c/td\u003e\r\n\u003ctd\u003e\r\n\u003cp\u003e\u003cstrong\u003eWhere Is It From?\u003c/strong\u003e\u003c/p\u003e\r\n\u003c/td\u003e\r\n\u003ctd\u003e\r\n\u003cp\u003e\u003cstrong\u003eHow It Helps?\u003c/strong\u003e\u003c/p\u003e\r\n\u003c/td\u003e\r\n\u003c/tr\u003e\r\n\u003ctr\u003e\r\n\u003ctd\u003e\r\n\u003cp\u003e\u003cspan style=\"font-weight: 400;\"\u003eAqua\u003c/span\u003e\u003c/p\u003e\r\n\u003c/td\u003e\r\n\u003ctd\u003e\r\n\u003cp\u003e\u003cspan style=\"font-weight: 400;\"\u003eNatural\u003c/span\u003e\u003c/p\u003e\r\n\u003c/td\u003e\r\n\u003ctd\u003e\r\n\u003cp\u003e\u003cspan style=\"font-weight: 400;\"\u003ePlant-Based\u003c/span\u003e\u003c/p\u003e\r\n\u003c/td\u003e\r\n\u003ctd\u003e\r\n\u003cp\u003e\u003cspan style=\"font-weight: 400;\"\u003eEmollient\u003c/span\u003e\u003c/p\u003e\r\n\u003c/td\u003e\r\n\u003c/tr\u003e\r\n\u003ctr\u003e\r\n\u003ctd\u003e\r\n\u003cp\u003e\u003cspan style=\"font-weight: 400;\"\u003eCocamidopropyl Betaine\u003c/span\u003e\u003c/p\u003e\r\n\u003c/td\u003e\r\n\u003ctd\u003e\r\n\u003cp\u003e\u003cspan style=\"font-weight: 400;\"\u003eNatural\u003c/span\u003e\u003c/p\u003e\r\n\u003c/td\u003e\r\n\u003ctd\u003e\r\n\u003cp\u003e\u003cspan style=\"font-weight: 400;\"\u003ePlant-Based\u003c/span\u003e\u003c/p\u003e\r\n\u003c/td\u003e\r\n\u003ctd\u003e\r\n\u003cp\u003e\u003cspan style=\"font-weight: 400;\"\u003eEmulsifying Agent\u003c/span\u003e\u003c/p\u003e\r\n\u003c/td\u003e\r\n\u003c/tr\u003e\r\n\u003ctr\u003e\r\n\u003ctd\u003e\r\n\u003cp\u003e\u003cspan style=\"font-weight: 400;\"\u003eSodium Lauroyl Sarcosinate\u003c/span\u003e\u003c/p\u003e\r\n\u003c/td\u003e\r\n\u003ctd\u003e\r\n\u003cp\u003e\u003cspan style=\"font-weight: 400;\"\u003eSynthetic\u003c/span\u003e\u003c/p\u003e\r\n\u003c/td\u003e\r\n\u003ctd\u003e\r\n\u003cp\u003e\u003cspan style=\"font-weight: 400;\"\u003eLab-Synthesized\u003c/span\u003e\u003c/p\u003e\r\n\u003c/td\u003e\r\n\u003ctd\u003e\r\n\u003cp\u003e\u003cspan style=\"font-weight: 400;\"\u003eCleansing Agent\u003c/span\u003e\u003c/p\u003e\r\n\u003c/td\u003e\r\n\u003c/tr\u003e\r\n\u003ctr\u003e\r\n\u003ctd\u003e\r\n\u003cp\u003e\u003cspan style=\"font-weight: 400;\"\u003eSodium Cocoyl Isethionate\u003c/span\u003e\u003c/p\u003e\r\n\u003c/td\u003e\r\n\u003ctd\u003e\r\n\u003cp\u003e\u003cspan style=\"font-weight: 400;\"\u003eSynthetic\u003c/span\u003e\u003c/p\u003e\r\n\u003c/td\u003e\r\n\u003ctd\u003e\r\n\u003cp\u003e\u003cspan style=\"font-weight: 400;\"\u003eLab-Synthesized\u003c/span\u003e\u003c/p\u003e\r\n\u003c/td\u003e\r\n\u003ctd\u003e\r\n\u003cp\u003e\u003cspan style=\"font-weight: 400;\"\u003eSurfactant\u003c/span\u003e\u003c/p\u003e\r\n\u003c/td\u003e\r\n\u003c/tr\u003e\r\n\u003ctr\u003e\r\n\u003ctd\u003e\r\n\u003cp\u003e\u003cspan style=\"font-weight: 400;\"\u003eDisodium Cocoyl Glutamate\u003c/span\u003e\u003c/p\u003e\r\n\u003c/td\u003e\r\n\u003ctd\u003e\r\n\u003cp\u003e\u003cspan style=\"font-weight: 400;\"\u003eSynthetic\u003c/span\u003e\u003c/p\u003e\r\n\u003c/td\u003e\r\n\u003ctd\u003e\r\n\u003cp\u003e\u003cspan style=\"font-weight: 400;\"\u003eLab-Synthesized\u003c/span\u003e\u003c/p\u003e\r\n\u003c/td\u003e\r\n\u003ctd\u003e\r\n\u003cp\u003e\u003cspan style=\"font-weight: 400;\"\u003eSurfactant\u003c/span\u003e\u003c/p\u003e\r\n\u003c/td\u003e\r\n\u003c/tr\u003e\r\n\u003ctr\u003e\r\n\u003ctd\u003e\r\n\u003cp\u003e\u003cspan style=\"font-weight: 400;\"\u003eCocamide MEA\u003c/span\u003e\u003c/p\u003e\r\n\u003c/td\u003e\r\n\u003ctd\u003e\r\n\u003cp\u003e\u003cspan style=\"font-weight: 400;\"\u003eSynthetic\u003c/span\u003e\u003c/p\u003e\r\n\u003c/td\u003e\r\n\u003ctd\u003e\r\n\u003cp\u003e\u003cspan style=\"font-weight: 400;\"\u003eLab-Synthesized\u003c/span\u003e\u003c/p\u003e\r\n\u003c/td\u003e\r\n\u003ctd\u003e\r\n\u003cp\u003e\u003cspan style=\"font-weight: 400;\"\u003eSurfactant\u003c/span\u003e\u003c/p\u003e\r\n\u003c/td\u003e\r\n\u003c/tr\u003e\r\n\u003ctr\u003e\r\n\u003ctd\u003e\r\n\u003cp\u003e\u003cspan style=\"font-weight: 400;\"\u003e Rosmarinus Officinalis (Rosemary) Leaf Extract\u003c/span\u003e\u003c/p\u003e\r\n\u003c/td\u003e\r\n\u003ctd\u003e\r\n\u003cp\u003e\u003cspan style=\"font-weight: 400;\"\u003eSynthetic\u003c/span\u003e\u003c/p\u003e\r\n\u003c/td\u003e\r\n\u003ctd\u003e\r\n\u003cp\u003e\u003cspan style=\"font-weight: 400;\"\u003eLab-Synthesized\u003c/span\u003e\u003c/p\u003e\r\n\u003c/td\u003e\r\n\u003ctd\u003e\r\n\u003cp\u003e\u003cspan style=\"font-weight: 400;\"\u003eBoosts Hair Growth\u003c/span\u003e\u003c/p\u003e\r\n\u003c/td\u003e\r\n\u003c/tr\u003e\r\n\u003ctr\u003e\r\n\u003ctd\u003e\r\n\u003cp\u003e\u003cspan style=\"font-weight: 400;\"\u003eGlycerin\u003c/span\u003e\u003c/p\u003e\r\n\u003c/td\u003e\r\n\u003ctd\u003e\r\n\u003cp\u003e\u003cspan style=\"font-weight: 400;\"\u003eNatural\u003c/span\u003e\u003c/p\u003e\r\n\u003c/td\u003e\r\n\u003ctd\u003e\r\n\u003cp\u003e\u003cspan style=\"font-weight: 400;\"\u003ePlant-Based\u003c/span\u003e\u003c/p\u003e\r\n\u003c/td\u003e\r\n\u003ctd\u003e\r\n\u003cp\u003e\u003cspan style=\"font-weight: 400;\"\u003eHumectant\u003c/span\u003e\u003c/p\u003e\r\n\u003c/td\u003e\r\n\u003c/tr\u003e\r\n\u003ctr\u003e\r\n\u003ctd\u003e\r\n\u003cp\u003e\u003cspan style=\"font-weight: 400;\"\u003eGlycol Stearate\u003c/span\u003e\u003c/p\u003e\r\n\u003c/td\u003e\r\n\u003ctd\u003e\r\n\u003cp\u003e\u003cspan style=\"font-weight: 400;\"\u003eNatural\u003c/span\u003e\u003c/p\u003e\r\n\u003c/td\u003e\r\n\u003ctd\u003e\r\n\u003cp\u003e\u003cspan style=\"font-weight: 400;\"\u003ePlant-Based\u003c/span\u003e\u003c/p\u003e\r\n\u003c/td\u003e\r\n\u003ctd\u003e\r\n\u003cp\u003e\u003cspan style=\"font-weight: 400;\"\u003eSurfactant\u003c/span\u003e\u003c/p\u003e\r\n\u003c/td\u003e\r\n\u003c/tr\u003e\r\n\u003ctr\u003e\r\n\u003ctd\u003e\r\n\u003cp\u003e\u003cspan style=\"font-weight: 400;\"\u003eAcrylamidopropyltrimonium \u003c/span\u003e\u003c/p\u003e\r\n\u003cp\u003e\u003cspan style=\"font-weight: 400;\"\u003eChloride/Acrylamide Copolymer\u003c/span\u003e\u003c/p\u003e\r\n\u003c/td\u003e\r\n\u003ctd\u003e\r\n\u003cp\u003e\u003cspan style=\"font-weight: 400;\"\u003eSynthetic\u003c/span\u003e\u003c/p\u003e\r\n\u003c/td\u003e\r\n\u003ctd\u003e\r\n\u003cp\u003e\u003cspan style=\"font-weight: 400;\"\u003eLab-Synthesized\u003c/span\u003e\u003c/p\u003e\r\n\u003c/td\u003e\r\n\u003ctd\u003e\r\n\u003cp\u003e\u003cspan style=\"font-weight: 400;\"\u003eAnti-Static Agent\u003c/span\u003e\u003c/p\u003e\r\n\u003c/td\u003e\r\n\u003c/tr\u003e\r\n\u003ctr\u003e\r\n\u003ctd\u003e\r\n\u003cp\u003e\u003cspan style=\"font-weight: 400;\"\u003ePhenoxyethanol\u003c/span\u003e\u003c/p\u003e\r\n\u003c/td\u003e\r\n\u003ctd\u003e\r\n\u003cp\u003e\u003cspan style=\"font-weight: 400;\"\u003eSynthetic\u003c/span\u003e\u003c/p\u003e\r\n\u003c/td\u003e\r\n\u003ctd\u003e\r\n\u003cp\u003e\u003cspan style=\"font-weight: 400;\"\u003eLab-Synthesized\u003c/span\u003e\u003c/p\u003e\r\n\u003c/td\u003e\r\n\u003ctd\u003e\r\n\u003cp\u003e\u003cspan style=\"font-weight: 400;\"\u003ePreservative\u003c/span\u003e\u003c/p\u003e\r\n\u003c/td\u003e\r\n\u003c/tr\u003e\r\n\u003ctr\u003e\r\n\u003ctd\u003e\r\n\u003cp\u003e\u003cspan style=\"font-weight: 400;\"\u003eEthylhexylglycerin\u003c/span\u003e\u003c/p\u003e\r\n\u003c/td\u003e\r\n\u003ctd\u003e\r\n\u003cp\u003e\u003cspan style=\"font-weight: 400;\"\u003eNatural\u003c/span\u003e\u003c/p\u003e\r\n\u003c/td\u003e\r\n\u003ctd\u003e\r\n\u003cp\u003e\u003cspan style=\"font-weight: 400;\"\u003ePlant-Based\u003c/span\u003e\u003c/p\u003e\r\n\u003c/td\u003e\r\n\u003ctd\u003e\r\n\u003cp\u003e\u003cspan style=\"font-weight: 400;\"\u003eEmollient\u003c/span\u003e\u003c/p\u003e\r\n\u003c/td\u003e\r\n\u003c/tr\u003e\r\n\u003ctr\u003e\r\n\u003ctd\u003e\r\n\u003cp\u003e\u003cspan style=\"font-weight: 400;\"\u003eIFRA Certified Allergen Free Fragrance\u003c/span\u003e\u003c/p\u003e\r\n\u003c/td\u003e\r\n\u003ctd\u003e\r\n\u003cp\u003e\u003cspan style=\"font-weight: 400;\"\u003eSynthetic\u003c/span\u003e\u003c/p\u003e\r\n\u003c/td\u003e\r\n\u003ctd\u003e\r\n\u003cp\u003e\u003cspan style=\"font-weight: 400;\"\u003eLab-Synthesized\u003c/span\u003e\u003c/p\u003e\r\n\u003c/td\u003e\r\n\u003ctd\u003e\r\n\u003cp\u003e\u003cspan style=\"font-weight: 400;\"\u003eFragrance\u003c/span\u003e\u003c/p\u003e\r\n\u003c/td\u003e\r\n\u003c/tr\u003e\r\n\u003ctr\u003e\r\n\u003ctd\u003e\r\n\u003cp\u003e\u003cspan style=\"font-weight: 400;\"\u003eSodium Benzoate\u003c/span\u003e\u003c/p\u003e\r\n\u003c/td\u003e\r\n\u003ctd\u003e\r\n\u003cp\u003e\u003cspan style=\"font-weight: 400;\"\u003eSynthetic\u003c/span\u003e\u003c/p\u003e\r\n\u003c/td\u003e\r\n\u003ctd\u003e\r\n\u003cp\u003e\u003cspan style=\"font-weight: 400;\"\u003eLab-Synthesized\u003c/span\u003e\u003c/p\u003e\r\n\u003c/td\u003e\r\n\u003ctd\u003e\r\n\u003cp\u003e\u003cspan style=\"font-weight: 400;\"\u003ePreservative\u003c/span\u003e\u003c/p\u003e\r\n\u003c/td\u003e\r\n\u003c/tr\u003e\r\n\u003ctr\u003e\r\n\u003ctd\u003e\r\n\u003cp\u003e\u003cspan style=\"font-weight: 400;\"\u003eHydroxypropylgluconamide /Hydroxypropylammonium Gluconate\u003c/span\u003e\u003c/p\u003e\r\n\u003c/td\u003e\r\n\u003ctd\u003e\r\n\u003cp\u003e\u003cspan style=\"font-weight: 400;\"\u003eSynthetic\u003c/span\u003e\u003c/p\u003e\r\n\u003c/td\u003e\r\n\u003ctd\u003e\r\n\u003cp\u003e\u003cspan style=\"font-weight: 400;\"\u003eLab-Synthesized\u003c/span\u003e\u003c/p\u003e\r\n\u003c/td\u003e\r\n\u003ctd\u003e\r\n\u003cp\u003e\u003cspan style=\"font-weight: 400;\"\u003eHair Strengthening Agent\u003c/span\u003e\u003c/p\u003e\r\n\u003c/td\u003e\r\n\u003c/tr\u003e\r\n\u003ctr\u003e\r\n\u003ctd\u003e\r\n\u003cp\u003e\u003cspan style=\"font-weight: 400;\"\u003eCitric Acid\u003c/span\u003e\u003c/p\u003e\r\n\u003c/td\u003e\r\n\u003ctd\u003e\r\n\u003cp\u003e\u003cspan style=\"font-weight: 400;\"\u003eNatural\u003c/span\u003e\u003c/p\u003e\r\n\u003c/td\u003e\r\n\u003ctd\u003e\r\n\u003cp\u003e\u003cspan style=\"font-weight: 400;\"\u003ePlant-Based\u003c/span\u003e\u003c/p\u003e\r\n\u003c/td\u003e\r\n\u003ctd\u003e\r\n\u003cp\u003e\u003cspan style=\"font-weight: 400;\"\u003epH Adjuster\u003c/span\u003e\u003c/p\u003e\r\n\u003c/td\u003e\r\n\u003c/tr\u003e\r\n\u003ctr\u003e\r\n\u003ctd\u003e\r\n\u003cp\u003e\u003cspan style=\"font-weight: 400;\"\u003eGuar \u003c/span\u003e\u003c/p\u003e\r\n\u003c/td\u003e\r\n\u003ctd\u003e\r\n\u003cp\u003e\u003cspan style=\"font-weight: 400;\"\u003eNatural\u003c/span\u003e\u003c/p\u003e\r\n\u003c/td\u003e\r\n\u003ctd\u003e\r\n\u003cp\u003e\u003cspan style=\"font-weight: 400;\"\u003ePlant-Based\u003c/span\u003e\u003c/p\u003e\r\n\u003c/td\u003e\r\n\u003ctd\u003e\r\n\u003cp\u003e\u003cspan style=\"font-weight: 400;\"\u003eThickening Agent\u003c/span\u003e\u003c/p\u003e\r\n\u003c/td\u003e\r\n\u003c/tr\u003e\r\n\u003ctr\u003e\r\n\u003ctd\u003e\r\n\u003cp\u003e\u003cspan style=\"font-weight: 400;\"\u003eHydroxypropyltrimonium Chloride\u003c/span\u003e\u003c/p\u003e\r\n\u003c/td\u003e\r\n\u003ctd\u003e\r\n\u003cp\u003e\u003cspan style=\"font-weight: 400;\"\u003eSynthetic\u003c/span\u003e\u003c/p\u003e\r\n\u003c/td\u003e\r\n\u003ctd\u003e\r\n\u003cp\u003e\u003cspan style=\"font-weight: 400;\"\u003eLab-Synthesized\u003c/span\u003e\u003c/p\u003e\r\n\u003c/td\u003e\r\n\u003ctd\u003e\r\n\u003cp\u003e\u003cspan style=\"font-weight: 400;\"\u003epH Adjuster\u003c/span\u003e\u003c/p\u003e\r\n\u003c/td\u003e\r\n\u003c/tr\u003e\r\n\u003ctr\u003e\r\n\u003ctd\u003e\r\n\u003cp\u003e\u003cspan style=\"font-weight: 400;\"\u003ePolyquaternium-10\u003c/span\u003e\u003c/p\u003e\r\n\u003c/td\u003e\r\n\u003ctd\u003e\r\n\u003cp\u003e\u003cspan style=\"font-weight: 400;\"\u003eNatural\u003c/span\u003e\u003c/p\u003e\r\n\u003c/td\u003e\r\n\u003ctd\u003e\r\n\u003cp\u003e\u003cspan style=\"font-weight: 400;\"\u003ePlant-Based\u003c/span\u003e\u003c/p\u003e\r\n\u003c/td\u003e\r\n\u003ctd\u003e\r\n\u003cp\u003e\u003cspan style=\"font-weight: 400;\"\u003ePromotes Hair Growth\u003c/span\u003e\u003c/p\u003e\r\n\u003c/td\u003e\r\n\u003c/tr\u003e\r\n\u003ctr\u003e\r\n\u003ctd\u003e\r\n\u003cp\u003e\u003cspan style=\"font-weight: 400;\"\u003eHydrolyzed Lupine \u003c/span\u003e\u003c/p\u003e\r\n\u003c/td\u003e\r\n\u003ctd\u003e\r\n\u003cp\u003e\u003cspan style=\"font-weight: 400;\"\u003eNatural\u003c/span\u003e\u003c/p\u003e\r\n\u003c/td\u003e\r\n\u003ctd\u003e\r\n\u003cp\u003e\u003cspan style=\"font-weight: 400;\"\u003ePlant-Based\u003c/span\u003e\u003c/p\u003e\r\n\u003c/td\u003e\r\n\u003ctd\u003e\r\n\u003cp\u003e\u003cspan style=\"font-weight: 400;\"\u003eHair Strengthening Agent\u003c/span\u003e\u003c/p\u003e\r\n\u003c/td\u003e\r\n\u003c/tr\u003e\r\n\u003ctr\u003e\r\n\u003ctd\u003e\r\n\u003cp\u003e\u003cspan style=\"font-weight: 400;\"\u003eProtein Triolein\u003c/span\u003e\u003c/p\u003e\r\n\u003c/td\u003e\r\n\u003ctd\u003e\r\n\u003cp\u003e\u003cspan style=\"font-weight: 400;\"\u003eSynthetic\u003c/span\u003e\u003c/p\u003e\r\n\u003c/td\u003e\r\n\u003ctd\u003e\r\n\u003cp\u003e\u003cspan style=\"font-weight: 400;\"\u003eLab-Synthesized\u003c/span\u003e\u003c/p\u003e\r\n\u003c/td\u003e\r\n\u003ctd\u003e\r\n\u003cp\u003e\u003cspan style=\"font-weight: 400;\"\u003eEmollient\u003c/span\u003e\u003c/p\u003e\r\n\u003c/td\u003e\r\n\u003c/tr\u003e\r\n\u003ctr\u003e\r\n\u003ctd\u003e\r\n\u003cp\u003e\u003cspan style=\"font-weight: 400;\"\u003eSodium Gluconate\u003c/span\u003e\u003c/p\u003e\r\n\u003c/td\u003e\r\n\u003ctd\u003e\r\n\u003cp\u003e\u003cspan style=\"font-weight: 400;\"\u003eNatural\u003c/span\u003e\u003c/p\u003e\r\n\u003c/td\u003e\r\n\u003ctd\u003e\r\n\u003cp\u003e\u003cspan style=\"font-weight: 400;\"\u003ePlant-Based\u003c/span\u003e\u003c/p\u003e\r\n\u003c/td\u003e\r\n\u003ctd\u003e\r\n\u003cp\u003e\u003cspan style=\"font-weight: 400;\"\u003eChelating Agent\u003c/span\u003e\u003c/p\u003e\r\n\u003c/td\u003e\r\n\u003c/tr\u003e\r\n\u003ctr\u003e\r\n\u003ctd\u003e\r\n\u003cp\u003e\u003cspan style=\"font-weight: 400;\"\u003ePanthenol\u003c/span\u003e\u003c/p\u003e\r\n\u003c/td\u003e\r\n\u003ctd\u003e\r\n\u003cp\u003e\u003cspan style=\"font-weight: 400;\"\u003eNatural\u003c/span\u003e\u003c/p\u003e\r\n\u003c/td\u003e\r\n\u003ctd\u003e\r\n\u003cp\u003e\u003cspan style=\"font-weight: 400;\"\u003ePlant-Based\u003c/span\u003e\u003c/p\u003e\r\n\u003c/td\u003e\r\n\u003ctd\u003e\r\n\u003cp\u003e\u003cspan style=\"font-weight: 400;\"\u003eEmollient\u003c/span\u003e\u003c/p\u003e\r\n\u003c/td\u003e\r\n\u003c/tr\u003e\r\n\u003ctr\u003e\r\n\u003ctd\u003e\r\n\u003cp\u003e\u003cspan style=\"font-weight: 400;\"\u003eTrigonella Foenum Graecum (Methi) Seed Oil\u003c/span\u003e\u003c/p\u003e\r\n\u003c/td\u003e\r\n\u003ctd\u003e\r\n\u003cp\u003e\u003cspan style=\"font-weight: 400;\"\u003eNatural\u003c/span\u003e\u003c/p\u003e\r\n\u003c/td\u003e\r\n\u003ctd\u003e\r\n\u003cp\u003e\u003cspan style=\"font-weight: 400;\"\u003ePlant-Based\u003c/span\u003e\u003c/p\u003e\r\n\u003c/td\u003e\r\n\u003ctd\u003e\r\n\u003cp\u003e\u003cspan style=\"font-weight: 400;\"\u003eHair Fall Control\u003c/span\u003e\u003c/p\u003e\r\n\u003c/td\u003e\r\n\u003c/tr\u003e\r\n\u003c/tbody\u003e\r\n\u003c/table\u003e"},{"attribute_code":"attribute_value_7","value":"\u003cdiv id=\"faqs\"\u003e\r\n\u003cp\u003eHow to use Rosemary oil with shampoo?\u003c/p\u003e\r\n\u003cp\u003e-If you’re looking for a way to use a shampoo with rosemary oil, then a better alternative than Rosemary Oil is to opt for Rosemary Anti-Hair Fall Shampoo by Mamaearth. Besides Rosemary, it contains Methi Dana, which helps control hair loss \u0026amp; breakage and gives stronger hair. You can also look up to Mamaearth Rosemary Hair Fall Control Kit if you find a natural way to curb hair loss. These hair care products are toxin-free and purely safe.\u003c/p\u003e\r\n\u003cp\u003eWhat does rosemary shampoo do for your hair?\u003c/p\u003e\r\n\u003cp\u003eThe Mamaearth Rosemary Shampoo for hair is backed by Rosemary and Methi Dana, which helps control hair loss by up to 93% and strengthens your hair by up to 94%. It also helps gently cleans the scalp and hair by providing a boost of essential nutrients, promoting hair growth.\u003c/p\u003e\r\n\u003cp\u003eIs rosemary shampoo good for you?\u003c/p\u003e\r\n\u003cp\u003eYes, of course! Rosemary shampoo is good for your hair health. It has immense nourishing properties that help boost hair growth, control hair fall, strengthen your hair, and enable gentle cleansing with ease.\u003c/p\u003e\r\n\u003cp\u003eDoes rosemary shampoo help hair grow?\u003c/p\u003e\r\n\u003cp\u003eYes, definitely! Rosemary shampoo provides essential nutrients and keeps the scalp \u0026amp; hair follicles clean, which helps in boosting hair growth. For instance, Mamaearth Rosemary Anti-Hair Fall Shampoo has the nourishing properties of Rosemary Oil and Methi Dana. Together, they combine to promote hair growth and control hair fall to provide up to 94% stronger, smoother hair. It is natural, nourishing, and devoid of toxins and harmful chemicals.\u003c/p\u003e\r\n\u003cp\u003eHow Often Can I Use Mamaearth Rosemary shampoo?\u003c/p\u003e\r\n\u003cp\u003eWe recommend using the Rosemary Anti-Hair Fall Shampoo 2-3 times a week. We also recommend including the Rosemary Hair Growth Oil and Rosemary Anti-Hair Fall Conditioner in your hair care routine to strengthen and condition your hair.\u003c/p\u003e\r\n\u003cp\u003eCan I use rosemary shampoo every day?\u003c/p\u003e\r\n\u003cp\u003eYes! It is safe to use the best rosemary shampoo for hair growth every day. But, we advise you not to wash your hair with shampoo daily as it may rip off the moisture from the hair follicles \u0026amp; scalp and dehydrate them. Instead, we suggest using it twice or thrice a week per your hair requirements to maintain effective hydration and care.\u003c/p\u003e\r\n\u003cp\u003eWhat are the Rosemary shampoo ingredients?\u003c/p\u003e\r\n\u003cp\u003eThe Mamaearth Rosemary Anti-Hair Fall Shampoo is backed by key ingredients like Rosemary and Methi Dana, which help curb hair loss and promote stronger hair growth.\u003c/p\u003e\r\n\u003cp\u003eCan Men Use Mamaearth Rosemary shampoo for hair fall?\u003c/p\u003e\r\n\u003cp\u003eYes, anyone struggling with hair fall can use this Rosemary Anti-Hair Fall Shampoo.\u003c/p\u003e\r\n\u003cp\u003eWill Rosemary shampoo Make My Scalp Dry?\u003c/p\u003e\r\n\u003cp\u003eNo, Rosemary Anti-Hair Fall Shampoo will not make your scalp dry. It will gently cleanse your scalp without stripping it of its essential moisture. It is crafted to nourish and hydrate your scalp and hair.\u003c/p\u003e\r\n\u003cp\u003eWill Rosemary shampoo Reduce Hair Loss?\u003c/p\u003e\r\n\u003cp\u003eYes, crafted with the power-packed duo of Rosemary and Methi Dana, the Rosemary Anti-Hair Fall Shampoo will result in up to 93% less hair fall.\u003c/p\u003e\r\n\u003cp\u003eDoes Rosemary Shampoo promote hair growth?\u003c/p\u003e\r\n\u003cp\u003eWith rosemary shampoo trending all over the internet, it is essential to learn about the beneficial properties of rosemary in your hair care regime and your daily hair requirements. Rosemary is a crucial ingredient that helps strengthen weak hair follicles and promotes hair growth. We recommend trying out Mamaearth Rosemary Shampoo for that additional dose of nourishment. This shampoo contains Methi Dana, an ancient remedy that reduces hair loss, while Rosemary improves weak hair follicles and encourages hair growth. It also inhibits hair loss and fortifies hair follicles. With its nutrient-rich composition, the Rosemary Anti-Hair Fall Shampoo strengthens your locks while gently cleansing your scalp and hair. The best part? It is toxin-free and suitable for all hair types.\u003c/p\u003e\r\n\u003c/div\u003e"},{"attribute_code":"tag_keywords","value":"Rosemary , Rosemary Shampoo, Rosemary for Hair Fall, Rosemary Shampoo, Rosemary for Hair Fall Control, Methi Dana for Hair Fall Control, Rosemary for Hair Strengthening, Rosemary for stronger hair,Clinically tested Rosemary Shampoo, Methi Dana for Hair Strengthening, Methi Dana for Stronger hair, Hair Fall, Hair Loss, Anti-Hair Fall, Hair Fall Control, Rosemary , Methi Dana, Toxin-Free, Cruelty-Free, PETA Certified"},{"attribute_code":"meta_keyword","value":"\r\nRosemary Anti-Hair Fall Shampoo with Rosemary \u0026 Methi Dana for Reducing Hair Loss \u0026 Breakage - 600 ml\r\n"}],"hide_in_front":0,"image":"/w/i/with-claim.jpg","imageAltTags":[],"is_in_stock":true,"name":"Rosemary Anti-Hair Fall Shampoo with Rosemary \u0026 Methi Dana for Reducing Hair Loss \u0026 Breakage - 600 ml","position":"10","price":"839.00","product_card_tags":"Gives up to 94% Stronger Hair | Up to 93% Less Hair Fall | Made Safe Certified","review_count":18,"sku":"8904417315073","special_price":"","tags":"trending","url_key":"rosemary-anti-hair-fall-shampoo-600ml","configurable_option":{"attribute_id":282,"option_id":555,"attribute_label":"Rosemary_Shampoo_Swatch","title":"600 ml","swatch_data":{"swatch_id":816,"option_id":555,"store_id":1,"type":0,"value":"600 ml"}},"siblings":[{"id":959,"sku":"8904417307740","name":"Rosemary Anti-Hair Fall Shampoo with Rosemary \u0026 Methi Dana for Reducing Hair Loss \u0026 Breakage - 250 ml","url_key":"rosemary-anti-hair-fall-shampoo-250ml","price":"349.00","is_in_stock":true,"custom_attributes":[{"attribute_code":"saving_scheme","value":"price_per_100_ml"},{"attribute_code":"volume","value":"250"}],"special_price":"","parent_id":1133,"attribute_id":282,"option_id":553,"parent_sku":"3563887982","attribute_label":"Rosemary_Shampoo_Swatch","title":"250 ml","swatch_data":{"swatch_id":812,"option_id":553,"store_id":1,"type":0,"value":"250 ml"},"special_from_date":{"date":"2023-08-24 18:58:00","timezone_type":3,"timezone":"Asia/Kolkata"}},{"id":1130,"sku":"8904417310351","name":"Rosemary Anti-Hair Fall Shampoo with Rosemary \u0026 Methi Dana for Reducing Hair Loss \u0026 Breakage - 400 ml","url_key":"rosemary-anti-hair-fall-shampoo-400ml","price":"559.00","is_in_stock":true,"custom_attributes":[{"attribute_code":"saving_scheme","value":"price_per_100_ml"},{"attribute_code":"volume","value":"400"}],"special_price":"","parent_id":1133,"attribute_id":282,"option_id":554,"parent_sku":"3563887982","attribute_label":"Rosemary_Shampoo_Swatch","title":"400 ml","swatch_data":{"swatch_id":814,"option_id":554,"store_id":1,"type":0,"value":"400 ml"},"special_from_date":{"date":"2024-05-10 13:09:00","timezone_type":3,"timezone":"Asia/Kolkata"}},{"id":1205,"sku":"8904417313864","name":"Rosemary Anti-Hair Fall Shampoo with Rosemary \u0026 Methi Dana for Reducing Hair Loss \u0026 Breakage - 250 ml (Pack of 2)","url_key":"rosemary-anti-hair-fall-shampoo-250ml-pack-of-2","price":"698.00","is_in_stock":true,"custom_attributes":[{"attribute_code":"saving_scheme","value":"price_per_100_ml"},{"attribute_code":"volume","value":"500"}],"special_price":"628.00","parent_id":1133,"attribute_id":282,"option_id":557,"parent_sku":"3563887982","attribute_label":"Rosemary_Shampoo_Swatch","title":"250 ml (Pack of 2)","swatch_data":{"swatch_id":820,"option_id":557,"store_id":1,"type":0,"value":"250 ml (Pack of 2)"},"special_from_date":{"date":"2025-05-24 00:01:00","timezone_type":3,"timezone":"Asia/Kolkata"}}],"product_subtitle_keys":["Buy 1 Get 1 FREE"," Shampoo"," Rosemary"],"size":"600ml","unitPrice":"1.40/ml","old_productid":"1282","generic_name":null},{"id":1156,"tier_prices":[],"avg_rating_percent":100,"categories":[2,5,39,45,68,158,160,161,162,164,27,334,343,346,163,295,377,33],"created_at":"2024-02-02 11:57:13","custom_attributes":[{"attribute_code":"manufacturer","value":"\"(A) Indo Herbal Products, Unit-2, Plot No. 28-29, Sector 1B, IIE, SIDCUL, Ranipur, Haridwar, 249403 Regd. Address: - C-84 Panchsheel Enclave, New Delhi, India – 110017  (B) Indo Herbal Products, Plot No 17, Sector 12, IIE, Sidcul, Haridwar Uttarakhand"},{"attribute_code":"meta_title","value":"Hibiscus Shampoo for Hair Damage Repair -250ml | Mamaearth"},{"attribute_code":"meta_description","value":"Hibiscus Shampoo for Hair Damage Repair with Hibiscus and Curry Leaves. The shampoo repairs and gently cleanses to give you stronger and nourished hair."},{"attribute_code":"image","value":"/1/-/1-with-ingredients_8.jpg"},{"attribute_code":"small_image","value":"/1/-/1-with-ingredients_8.jpg"},{"attribute_code":"thumbnail","value":"/1/-/1-with-ingredients_8.jpg"},{"attribute_code":"options_container","value":"container2"},{"attribute_code":"small_image_label","value":"hibiscus shampoo, damage repair shampoo, hibiscus shampoo benefits, best hibiscus shampoo, hibiscus shampoo for hair"},{"attribute_code":"thumbnail_label","value":"hibiscus shampoo, damage repair shampoo, hibiscus shampoo benefits, best hibiscus shampoo, hibiscus shampoo for hair"},{"attribute_code":"country_of_manufacture","value":"IN"},{"attribute_code":"url_key","value":"hibiscus-shampoo-for-hair-damage-repair-250ml"},{"attribute_code":"msrp_display_actual_price_type","value":"0"},{"attribute_code":"gift_message_available","value":"2"},{"attribute_code":"swatch_image","value":"/1/-/1-with-ingredients_8.jpg"},{"attribute_code":"attribute_label_1","value":"Results of Mamaearth Hibiscus Damage Repair Shampoo"},{"attribute_code":"attribute_label_2","value":"Hero Ingredients"},{"attribute_code":"attribute_label_3","value":"How to Use"},{"attribute_code":"attribute_label_4","value":"Who Can Use"},{"attribute_code":"attribute_label_5","value":"Why Mamaearth?"},{"attribute_code":"attribute_label_6","value":"Ingredient List"},{"attribute_code":"attribute_label_7","value":"FAQs"},{"attribute_code":"best_before","value":"24 Months"},{"attribute_code":"dimensions","value":"10*5*5"},{"attribute_code":"ean_code","value":"8904417312386"},{"attribute_code":"mrp","value":"349"},{"attribute_code":"old_productid","value":"1155"},{"attribute_code":"weight_when_packed","value":"0.250"},{"attribute_code":"tags","value":"new launch"},{"attribute_code":"marketed_by","value":"Honasa Consumer Limited, 10th and 11th Floor, Capital Cyberscape, Sector 59, Gurugram, Haryana, 122101"},{"attribute_code":"live_url","value":"https://mamaearth.in/product/hibiscus-shampoo-for-hair-damage-repair-250ml"},{"attribute_code":"license_no","value":"M. : 20/C/U.A/2010, M. : 2/C/U.A/2023"},{"attribute_code":"length","value":"10"},{"attribute_code":"google_category","value":"2915"},{"attribute_code":"cms_sequence","value":"1,2,3,4,5,6,7,8"},{"attribute_code":"width","value":"5"},{"attribute_code":"height","value":"5"},{"attribute_code":"breadcrumb_category","value":"39","title":"Best Shampoo for Hair Growth","url_key":"hair-shampoo"},{"attribute_code":"custom_product_type","value":"be_hair"},{"attribute_code":"brand","value":"4"},{"attribute_code":"product_card_tags","value":"Repairs Hair Damage | Cleanses Gently | Makes Hair Strong \u0026 Nourished"},{"attribute_code":"saving_scheme","value":"price_per_100_ml"},{"attribute_code":"product_subtitle_keys","value":"Buy 1 Get 1 FREE, Hibiscus, Shampoo"},{"attribute_code":"is_suitable_for_skin_type","value":"465","label":"normal"},{"attribute_code":"hair_goals","value":"481,477,484","label":"damage repair, hair strengthening, soft and shiny hair"},{"attribute_code":"tax_class_id","value":"2"},{"attribute_code":"create_scarcity","value":"0"},{"attribute_code":"hide_product_infront","value":"0"},{"attribute_code":"show_in_feed","value":"1"},{"attribute_code":"base_category","value":"85"},{"attribute_code":"show_price_per_unit","value":"1"},{"attribute_code":"volume","value":"250"},{"attribute_code":"enable_fbt_popup","value":"0"},{"attribute_code":"enable_product_for_wa_commerce","value":"0"},{"attribute_code":"strikethrough","value":"1"},{"attribute_code":"short_description","value":"\u003cp\u003e\u003cspan style=\"font-weight: 400;\"\u003eDamaged hair? Blame it on pollution, heat styling, and chemicals. But hey! It’s time to ditch the damage and get lustrous locks with Mamaearth Hibiscus Damage Repair Shampoo. Infused with the power duo of Hibiscus and Curry Leaves, it packs quite a punch in repairing damaged hair, making it strong and nourished with every wash.\u003c/span\u003e\u003c/p\u003e\r\n\u003cp\u003e\u003cspan style=\"font-weight: 400;\"\u003eHibiscus, a time-tested ingredient for hair care, swoops in to fight dryness, hair fall, and keep your locks silky and smooth. Curry Leaves, which are rich in antioxidants, vitamin C, and iron help tackle multiple signs of hair damage like frizziness, dullness, and split ends. The shampoo repairs and gently cleanses to give you stronger and nourished hair, naturally. \u003c/span\u003e\u003c/p\u003e\r\n\u003cp\u003e\u003cspan style=\"font-weight: 400;\"\u003eOur Hibiscus Damage Repair Shampoo is Made Safe Certified, which means it’s free from toxins and harmful chemicals and is made with all things natural.\u003c/span\u003e\u003c/p\u003e"},{"attribute_code":"meta_keyword","value":"Hibiscus Shampoo for Hair Damage Repair, Hibiscus Shampoo for Hair, Hibiscus Hair Shampoo"},{"attribute_code":"attribute_value_1","value":"\u003cdiv class=\"list-banner\"\u003e\u003cimg src=\"https://images.mamaearth.in/wysiwyg/aplus_hibiscus_shampoo.jpg\" alt=\"Mamaearth Hibiscus Shampoo\" /\u003e\r\n\u003cp style=\"text-align: center;\"\u003eMamaearth Hibiscus Shampoo\u003c/p\u003e\r\n\u003c/div\u003e"},{"attribute_code":"attribute_value_2","value":"\u003cdiv\u003e\r\n  \u003cul class=\"woodmart-list\"\u003e\r\n    \u003cli\u003e\r\n      \u003cdiv class=\"list-icon\"\u003e\r\n        \u003cimg\r\n          src=\"https://images.mamaearth.in/wysiwyg/Hibiscus.png\"\r\n          alt=\"Hibiscus\"\r\n        /\u003e\r\n      \u003c/div\u003e\r\n      \u003cspan class=\"list-content\" style=\"text-align: justify\"\r\n        \u003e\u003cstrong\u003eHibiscus: \u003c/strong\u003eIt fights dryness and hair fall, keeping\r\n        hair thick, smooth, and silky.\r\n      \u003c/span\u003e\r\n    \u003c/li\u003e\r\n    \u003cli\u003e\r\n      \u003cdiv class=\"list-icon\"\u003e\r\n        \u003cimg\r\n          src=\"https://images.mamaearth.in/wysiwyg/CurryLeaves.jpg\"\r\n          alt=\"Curry Leaves\"\r\n        /\u003e\r\n      \u003c/div\u003e\r\n      \u003cspan class=\"list-content\" style=\"text-align: justify\"\r\n        \u003e\u003cstrong\u003eCurry Leaves : \u003c/strong\u003eThey help tackle multiple signs of hair\r\n        damage, like dullness and frizz.\r\n      \u003c/span\u003e\r\n    \u003c/li\u003e\r\n    \u003cli\u003e\r\n      \u003cdiv class=\"list-icon\"\u003e\r\n        \u003cimg\r\n          src=\"https://images.mamaearth.in/wysiwyg/WheatAAcid.jpg\"\r\n          alt=\"Wheat Amino Acids\"\r\n        /\u003e\r\n      \u003c/div\u003e\r\n      \u003cspan class=\"list-content\" style=\"text-align: justify\"\r\n        \u003e\u003cstrong\u003eWheat Amino Acids : \u003c/strong\u003eThey increase hair elasticity,\r\n        flexibility, and strength, reducing breakage and frizz.\r\n      \u003c/span\u003e\r\n    \u003c/li\u003e\r\n    \u003cli\u003e\r\n      \u003cdiv class=\"list-icon\"\u003e\r\n        \u003cimg\r\n          src=\"https://images.mamaearth.in/wysiwyg/soyaacid.jpg\"\r\n          alt=\"Soy Amino Acids\"\r\n        /\u003e\r\n      \u003c/div\u003e\r\n      \u003cspan class=\"list-content\" style=\"text-align: justify\"\r\n        \u003e\u003cstrong\u003eSoy Amino Acids : \u003c/strong\u003eThey strengthen hair cuticles for\r\n        moisture retention, making hair smoother.\r\n      \u003c/span\u003e\r\n    \u003c/li\u003e\r\n  \u003c/ul\u003e\r\n\u003c/div\u003e\r\n"},{"attribute_code":"attribute_value_3","value":"\u003cul\u003e\r\n\u003cli\u003e\u003cspan style=\"font-weight: 400;\"\u003eStep 1: Take an adequate amount.\u003c/span\u003e\u003c/li\u003e\r\n\u003cli\u003e\u003cspan style=\"font-weight: 400;\"\u003e Step 2: Apply on your hair and scalp to work up a lather.\u003c/span\u003e\u003c/li\u003e\r\n\u003cli\u003e\u003cspan style=\"font-weight: 400;\"\u003e Step 3: Rinse it off thoroughly.\u003c/span\u003e\u003c/li\u003e\r\n\u003cli\u003e\u003cspan style=\"font-weight: 400;\"\u003e Step 4: Follow it up with Mamaearth Hibiscus Damage Repair Conditioner.\u003c/span\u003e\u003c/li\u003e\r\n\u003c/ul\u003e"},{"attribute_code":"attribute_value_4","value":"\u003cul\u003e\r\n\u003cli style=\"font-weight: 400;\" aria-level=\"1\"\u003e\u003cspan style=\"font-weight: 400;\"\u003eEveryone above the age of 18 years.\u003c/span\u003e\u003c/li\u003e\r\n\u003cli style=\"font-weight: 400;\" aria-level=\"1\"\u003e\u003cspan style=\"font-weight: 400;\"\u003eSuitable for all hair types.\u003c/span\u003e\u003c/li\u003e\r\n\u003c/ul\u003e"},{"attribute_code":"attribute_value_5","value":"\u003cul class=\"compare-list\"\u003e\r\n\u003cli\u003e\r\n\u003cdiv class=\"compare-img\"\u003e \u003c/div\u003e\r\n\u003cdiv class=\"compare-content\"\u003e\r\n\u003cul\u003e\r\n\u003cli style=\"font-weight: 400;\" aria-level=\"1\"\u003e\u003cspan style=\"font-weight: 400;\"\u003eRepairs Hair Damage\u003c/span\u003e\u003c/li\u003e\r\n\u003cli style=\"font-weight: 400;\" aria-level=\"1\"\u003e\u003cspan style=\"font-weight: 400;\"\u003eCleanses Gently\u003c/span\u003e\u003c/li\u003e\r\n\u003cli style=\"font-weight: 400;\" aria-level=\"1\"\u003e\u003cspan style=\"font-weight: 400;\"\u003eMakes Hair Strong \u0026amp; Nourished\u003c/span\u003e\u003c/li\u003e\r\n\u003cli style=\"font-weight: 400;\" aria-level=\"1\"\u003e\u003cspan style=\"font-weight: 400;\"\u003eSuitable For All Hair Types\u003c/span\u003e\u003c/li\u003e\r\n\u003cli style=\"font-weight: 400;\" aria-level=\"1\"\u003e\u003cspan style=\"font-weight: 400;\"\u003eDermatologically Tested\u003c/span\u003e\u003c/li\u003e\r\n\u003cli style=\"font-weight: 400;\" aria-level=\"1\"\u003e\u003cspan style=\"font-weight: 400;\"\u003eMade Safe Certified\u003c/span\u003e\u003c/li\u003e\r\n\u003c/ul\u003e\r\n\u003c/div\u003e\r\n\u003c/li\u003e\r\n\u003cli\u003e\r\n\u003cdiv class=\"compare-img\"\u003e \u003c/div\u003e\r\n\u003cdiv class=\"compare-content\"\u003e\r\n\u003cul\u003e\r\n\u003cli style=\"font-weight: 400;\" aria-level=\"1\"\u003e\u003cspan style=\"font-weight: 400;\"\u003eDoesn’t Repair Hair Damage\u003c/span\u003e\u003c/li\u003e\r\n\u003cli style=\"font-weight: 400;\" aria-level=\"1\"\u003e\u003cspan style=\"font-weight: 400;\"\u003eDoesn’t Cleanse Properly\u003c/span\u003e\u003c/li\u003e\r\n\u003cli style=\"font-weight: 400;\" aria-level=\"1\"\u003e\u003cspan style=\"font-weight: 400;\"\u003eDoesn’t Make Hair Strong \u0026amp; Nourished\u003c/span\u003e\u003c/li\u003e\r\n\u003cli style=\"font-weight: 400;\" aria-level=\"1\"\u003e\u003cspan style=\"font-weight: 400;\"\u003eNot Suitable For All Hair Types\u003c/span\u003e\u003c/li\u003e\r\n\u003cli style=\"font-weight: 400;\" aria-level=\"1\"\u003e\u003cspan style=\"font-weight: 400;\"\u003eNot Dermatologically Tested\u003c/span\u003e\u003c/li\u003e\r\n\u003cli style=\"font-weight: 400;\" aria-level=\"1\"\u003e\u003cspan style=\"font-weight: 400;\"\u003eNot Made Safe Certified\u003c/span\u003e\u003c/li\u003e\r\n\u003c/ul\u003e\r\n\u003c/div\u003e\r\n\u003c/li\u003e\r\n\u003c/ul\u003e"},{"attribute_code":"attribute_value_6","value":"\u003ctable\u003e\r\n\u003ctbody\u003e\r\n\u003ctr\u003e\r\n\u003ctd\u003e\r\n\u003cp\u003e\u003cstrong\u003eIngredients\u003c/strong\u003e\u003c/p\u003e\r\n\u003c/td\u003e\r\n\u003ctd\u003e\r\n\u003cp\u003e\u003cstrong\u003eType\u003c/strong\u003e\u003c/p\u003e\r\n\u003c/td\u003e\r\n\u003ctd\u003e\r\n\u003cp\u003e\u003cstrong\u003eWhere Is It From?\u003c/strong\u003e\u003c/p\u003e\r\n\u003c/td\u003e\r\n\u003ctd\u003e\r\n\u003cp\u003e\u003cstrong\u003eHow It Helps?\u003c/strong\u003e\u003c/p\u003e\r\n\u003c/td\u003e\r\n\u003c/tr\u003e\r\n\u003ctr\u003e\r\n\u003ctd\u003e\r\n\u003cp\u003e\u003cspan style=\"font-weight: 400;\"\u003eAqua\u003c/span\u003e\u003c/p\u003e\r\n\u003c/td\u003e\r\n\u003ctd\u003e\r\n\u003cp\u003e\u003cspan style=\"font-weight: 400;\"\u003eNatural\u003c/span\u003e\u003c/p\u003e\r\n\u003c/td\u003e\r\n\u003ctd\u003e\r\n\u003cp\u003e\u003cspan style=\"font-weight: 400;\"\u003ePlant-Based\u003c/span\u003e\u003c/p\u003e\r\n\u003c/td\u003e\r\n\u003ctd\u003e\r\n\u003cp\u003e\u003cspan style=\"font-weight: 400;\"\u003eEmollient\u003c/span\u003e\u003c/p\u003e\r\n\u003c/td\u003e\r\n\u003c/tr\u003e\r\n\u003ctr\u003e\r\n\u003ctd\u003e\r\n\u003cp\u003e\u003cspan style=\"font-weight: 400;\"\u003eCocamidopropyl Betaine\u003c/span\u003e\u003c/p\u003e\r\n\u003c/td\u003e\r\n\u003ctd\u003e\r\n\u003cp\u003e\u003cspan style=\"font-weight: 400;\"\u003eNatural\u003c/span\u003e\u003c/p\u003e\r\n\u003c/td\u003e\r\n\u003ctd\u003e\r\n\u003cp\u003e\u003cspan style=\"font-weight: 400;\"\u003ePlant-Based\u003c/span\u003e\u003c/p\u003e\r\n\u003c/td\u003e\r\n\u003ctd\u003e\r\n\u003cp\u003e\u003cspan style=\"font-weight: 400;\"\u003eEmulsifying Agent\u003c/span\u003e\u003c/p\u003e\r\n\u003c/td\u003e\r\n\u003c/tr\u003e\r\n\u003ctr\u003e\r\n\u003ctd\u003e\r\n\u003cp\u003e\u003cspan style=\"font-weight: 400;\"\u003eSodium Lauroyl Sarcosinate\u003c/span\u003e\u003c/p\u003e\r\n\u003c/td\u003e\r\n\u003ctd\u003e\r\n\u003cp\u003e\u003cspan style=\"font-weight: 400;\"\u003eSynthetic\u003c/span\u003e\u003c/p\u003e\r\n\u003c/td\u003e\r\n\u003ctd\u003e\r\n\u003cp\u003e\u003cspan style=\"font-weight: 400;\"\u003eLab-Synthesized\u003c/span\u003e\u003c/p\u003e\r\n\u003c/td\u003e\r\n\u003ctd\u003e\r\n\u003cp\u003e\u003cspan style=\"font-weight: 400;\"\u003eCleansing Agent\u003c/span\u003e\u003c/p\u003e\r\n\u003c/td\u003e\r\n\u003c/tr\u003e\r\n\u003ctr\u003e\r\n\u003ctd\u003e\r\n\u003cp\u003e\u003cspan style=\"font-weight: 400;\"\u003eSodium Cocoyl Isethionate\u003c/span\u003e\u003c/p\u003e\r\n\u003c/td\u003e\r\n\u003ctd\u003e\r\n\u003cp\u003e\u003cspan style=\"font-weight: 400;\"\u003eSynthetic\u003c/span\u003e\u003c/p\u003e\r\n\u003c/td\u003e\r\n\u003ctd\u003e\r\n\u003cp\u003e\u003cspan style=\"font-weight: 400;\"\u003eLab-Synthesized\u003c/span\u003e\u003c/p\u003e\r\n\u003c/td\u003e\r\n\u003ctd\u003e\r\n\u003cp\u003e\u003cspan style=\"font-weight: 400;\"\u003eSurfactant\u003c/span\u003e\u003c/p\u003e\r\n\u003c/td\u003e\r\n\u003c/tr\u003e\r\n\u003ctr\u003e\r\n\u003ctd\u003e\r\n\u003cp\u003e\u003cspan style=\"font-weight: 400;\"\u003eGlycerin\u003c/span\u003e\u003c/p\u003e\r\n\u003c/td\u003e\r\n\u003ctd\u003e\r\n\u003cp\u003e\u003cspan style=\"font-weight: 400;\"\u003eNatural\u003c/span\u003e\u003c/p\u003e\r\n\u003c/td\u003e\r\n\u003ctd\u003e\r\n\u003cp\u003e\u003cspan style=\"font-weight: 400;\"\u003ePlant-Based\u003c/span\u003e\u003c/p\u003e\r\n\u003c/td\u003e\r\n\u003ctd\u003e\r\n\u003cp\u003e\u003cspan style=\"font-weight: 400;\"\u003eHumectant\u003c/span\u003e\u003c/p\u003e\r\n\u003c/td\u003e\r\n\u003c/tr\u003e\r\n\u003ctr\u003e\r\n\u003ctd\u003e\r\n\u003cp\u003e\u003cspan style=\"font-weight: 400;\"\u003eDecyl Glucoside\u003c/span\u003e\u003c/p\u003e\r\n\u003c/td\u003e\r\n\u003ctd\u003e\r\n\u003cp\u003e\u003cspan style=\"font-weight: 400;\"\u003eNatural\u003c/span\u003e\u003c/p\u003e\r\n\u003c/td\u003e\r\n\u003ctd\u003e\r\n\u003cp\u003e\u003cspan style=\"font-weight: 400;\"\u003ePlant-Based\u003c/span\u003e\u003c/p\u003e\r\n\u003c/td\u003e\r\n\u003ctd\u003e\r\n\u003cp\u003e\u003cspan style=\"font-weight: 400;\"\u003eCleansing Agent\u003c/span\u003e\u003c/p\u003e\r\n\u003c/td\u003e\r\n\u003c/tr\u003e\r\n\u003ctr\u003e\r\n\u003ctd\u003e\r\n\u003cp\u003e\u003cspan style=\"font-weight: 400;\"\u003eCeteareth-60 Myristyl Glycol\u003c/span\u003e\u003c/p\u003e\r\n\u003c/td\u003e\r\n\u003ctd\u003e\r\n\u003cp\u003e\u003cspan style=\"font-weight: 400;\"\u003eNatural\u003c/span\u003e\u003c/p\u003e\r\n\u003c/td\u003e\r\n\u003ctd\u003e\r\n\u003cp\u003e\u003cspan style=\"font-weight: 400;\"\u003ePlant-Based\u003c/span\u003e\u003c/p\u003e\r\n\u003c/td\u003e\r\n\u003ctd\u003e\r\n\u003cp\u003e\u003cspan style=\"font-weight: 400;\"\u003eConditioning Agent\u003c/span\u003e\u003c/p\u003e\r\n\u003c/td\u003e\r\n\u003c/tr\u003e\r\n\u003ctr\u003e\r\n\u003ctd\u003e\r\n\u003cp\u003e\u003cspan style=\"font-weight: 400;\"\u003eGlycol Stearate\u003c/span\u003e\u003c/p\u003e\r\n\u003c/td\u003e\r\n\u003ctd\u003e\r\n\u003cp\u003e\u003cspan style=\"font-weight: 400;\"\u003eNatural\u003c/span\u003e\u003c/p\u003e\r\n\u003c/td\u003e\r\n\u003ctd\u003e\r\n\u003cp\u003e\u003cspan style=\"font-weight: 400;\"\u003ePlant-Based\u003c/span\u003e\u003c/p\u003e\r\n\u003c/td\u003e\r\n\u003ctd\u003e\r\n\u003cp\u003e\u003cspan style=\"font-weight: 400;\"\u003eSurfactant\u003c/span\u003e\u003c/p\u003e\r\n\u003c/td\u003e\r\n\u003c/tr\u003e\r\n\u003ctr\u003e\r\n\u003ctd\u003e\r\n\u003cp\u003e\u003cspan style=\"font-weight: 400;\"\u003eCocamide MEA\u003c/span\u003e\u003c/p\u003e\r\n\u003c/td\u003e\r\n\u003ctd\u003e\r\n\u003cp\u003e\u003cspan style=\"font-weight: 400;\"\u003eSynthetic\u003c/span\u003e\u003c/p\u003e\r\n\u003c/td\u003e\r\n\u003ctd\u003e\r\n\u003cp\u003e\u003cspan style=\"font-weight: 400;\"\u003eLab-Synthesized\u003c/span\u003e\u003c/p\u003e\r\n\u003c/td\u003e\r\n\u003ctd\u003e\r\n\u003cp\u003e\u003cspan style=\"font-weight: 400;\"\u003eSurfactant\u003c/span\u003e\u003c/p\u003e\r\n\u003c/td\u003e\r\n\u003c/tr\u003e\r\n\u003ctr\u003e\r\n\u003ctd\u003e\r\n\u003cp\u003e\u003cspan style=\"font-weight: 400;\"\u003ePhenoxyethanol\u003c/span\u003e\u003c/p\u003e\r\n\u003c/td\u003e\r\n\u003ctd\u003e\r\n\u003cp\u003e\u003cspan style=\"font-weight: 400;\"\u003eSynthetic\u003c/span\u003e\u003c/p\u003e\r\n\u003c/td\u003e\r\n\u003ctd\u003e\r\n\u003cp\u003e\u003cspan style=\"font-weight: 400;\"\u003eLab-Synthesized\u003c/span\u003e\u003c/p\u003e\r\n\u003c/td\u003e\r\n\u003ctd\u003e\r\n\u003cp\u003e\u003cspan style=\"font-weight: 400;\"\u003ePreservative\u003c/span\u003e\u003c/p\u003e\r\n\u003c/td\u003e\r\n\u003c/tr\u003e\r\n\u003ctr\u003e\r\n\u003ctd\u003e\r\n\u003cp\u003e\u003cspan style=\"font-weight: 400;\"\u003eIFRA Certified Allergen Free Fragrance\u003c/span\u003e\u003c/p\u003e\r\n\u003c/td\u003e\r\n\u003ctd\u003e\r\n\u003cp\u003e\u003cspan style=\"font-weight: 400;\"\u003eSynthetic\u003c/span\u003e\u003c/p\u003e\r\n\u003c/td\u003e\r\n\u003ctd\u003e\r\n\u003cp\u003e\u003cspan style=\"font-weight: 400;\"\u003eLab-Synthesized\u003c/span\u003e\u003c/p\u003e\r\n\u003c/td\u003e\r\n\u003ctd\u003e\r\n\u003cp\u003e\u003cspan style=\"font-weight: 400;\"\u003eFragrance\u003c/span\u003e\u003c/p\u003e\r\n\u003c/td\u003e\r\n\u003c/tr\u003e\r\n\u003ctr\u003e\r\n\u003ctd\u003e\r\n\u003cp\u003e\u003cspan style=\"font-weight: 400;\"\u003eHydrogenated Ethylhexyl Olivate\u003c/span\u003e\u003c/p\u003e\r\n\u003c/td\u003e\r\n\u003ctd\u003e\r\n\u003cp\u003e\u003cspan style=\"font-weight: 400;\"\u003eNatural\u003c/span\u003e\u003c/p\u003e\r\n\u003c/td\u003e\r\n\u003ctd\u003e\r\n\u003cp\u003e\u003cspan style=\"font-weight: 400;\"\u003ePlant-Based\u003c/span\u003e\u003c/p\u003e\r\n\u003c/td\u003e\r\n\u003ctd\u003e\r\n\u003cp\u003e\u003cspan style=\"font-weight: 400;\"\u003eConditioning Agent\u003c/span\u003e\u003c/p\u003e\r\n\u003c/td\u003e\r\n\u003c/tr\u003e\r\n\u003ctr\u003e\r\n\u003ctd\u003e\r\n\u003cp\u003e\u003cspan style=\"font-weight: 400;\"\u003eHydrogenated Olive Oil Unsaponifiables\u003c/span\u003e\u003c/p\u003e\r\n\u003c/td\u003e\r\n\u003ctd\u003e\r\n\u003cp\u003e\u003cspan style=\"font-weight: 400;\"\u003eNatural\u003c/span\u003e\u003c/p\u003e\r\n\u003c/td\u003e\r\n\u003ctd\u003e\r\n\u003cp\u003e\u003cspan style=\"font-weight: 400;\"\u003ePlant-Based\u003c/span\u003e\u003c/p\u003e\r\n\u003c/td\u003e\r\n\u003ctd\u003e\r\n\u003cp\u003e\u003cspan style=\"font-weight: 400;\"\u003eConditioning Agent\u003c/span\u003e\u003c/p\u003e\r\n\u003c/td\u003e\r\n\u003c/tr\u003e\r\n\u003ctr\u003e\r\n\u003ctd\u003e\r\n\u003cp\u003e\u003cspan style=\"font-weight: 400;\"\u003eSodium Benzoate\u003c/span\u003e\u003c/p\u003e\r\n\u003c/td\u003e\r\n\u003ctd\u003e\r\n\u003cp\u003e\u003cspan style=\"font-weight: 400;\"\u003eSynthetic\u003c/span\u003e\u003c/p\u003e\r\n\u003c/td\u003e\r\n\u003ctd\u003e\r\n\u003cp\u003e\u003cspan style=\"font-weight: 400;\"\u003eLab-Synthesized\u003c/span\u003e\u003c/p\u003e\r\n\u003c/td\u003e\r\n\u003ctd\u003e\r\n\u003cp\u003e\u003cspan style=\"font-weight: 400;\"\u003ePreservative\u003c/span\u003e\u003c/p\u003e\r\n\u003c/td\u003e\r\n\u003c/tr\u003e\r\n\u003ctr\u003e\r\n\u003ctd\u003e\r\n\u003cp\u003e\u003cspan style=\"font-weight: 400;\"\u003eCitric Acid\u003c/span\u003e\u003c/p\u003e\r\n\u003c/td\u003e\r\n\u003ctd\u003e\r\n\u003cp\u003e\u003cspan style=\"font-weight: 400;\"\u003eNatural\u003c/span\u003e\u003c/p\u003e\r\n\u003c/td\u003e\r\n\u003ctd\u003e\r\n\u003cp\u003e\u003cspan style=\"font-weight: 400;\"\u003ePlant-Based\u003c/span\u003e\u003c/p\u003e\r\n\u003c/td\u003e\r\n\u003ctd\u003e\r\n\u003cp\u003e\u003cspan style=\"font-weight: 400;\"\u003epH Adjuster\u003c/span\u003e\u003c/p\u003e\r\n\u003c/td\u003e\r\n\u003c/tr\u003e\r\n\u003ctr\u003e\r\n\u003ctd\u003e\r\n\u003cp\u003e\u003cspan style=\"font-weight: 400;\"\u003eWheat Amino Acids\u003c/span\u003e\u003c/p\u003e\r\n\u003c/td\u003e\r\n\u003ctd\u003e\r\n\u003cp\u003e\u003cspan style=\"font-weight: 400;\"\u003eNatural\u003c/span\u003e\u003c/p\u003e\r\n\u003c/td\u003e\r\n\u003ctd\u003e\r\n\u003cp\u003e\u003cspan style=\"font-weight: 400;\"\u003ePlant-Based\u003c/span\u003e\u003c/p\u003e\r\n\u003c/td\u003e\r\n\u003ctd\u003e\r\n\u003cp\u003e\u003cspan style=\"font-weight: 400;\"\u003eHair Growth Agent\u003c/span\u003e\u003c/p\u003e\r\n\u003c/td\u003e\r\n\u003c/tr\u003e\r\n\u003ctr\u003e\r\n\u003ctd\u003e\r\n\u003cp\u003e\u003cspan style=\"font-weight: 400;\"\u003eSoy Amino Acids\u003c/span\u003e\u003c/p\u003e\r\n\u003c/td\u003e\r\n\u003ctd\u003e\r\n\u003cp\u003e\u003cspan style=\"font-weight: 400;\"\u003eNatural\u003c/span\u003e\u003c/p\u003e\r\n\u003c/td\u003e\r\n\u003ctd\u003e\r\n\u003cp\u003e\u003cspan style=\"font-weight: 400;\"\u003ePlant-Based\u003c/span\u003e\u003c/p\u003e\r\n\u003c/td\u003e\r\n\u003ctd\u003e\r\n\u003cp\u003e\u003cspan style=\"font-weight: 400;\"\u003eHair Growth Agent\u003c/span\u003e\u003c/p\u003e\r\n\u003c/td\u003e\r\n\u003c/tr\u003e\r\n\u003ctr\u003e\r\n\u003ctd\u003e\r\n\u003cp\u003e\u003cspan style=\"font-weight: 400;\"\u003eArginine HCL\u003c/span\u003e\u003c/p\u003e\r\n\u003c/td\u003e\r\n\u003ctd\u003e\r\n\u003cp\u003e\u003cspan style=\"font-weight: 400;\"\u003eNatural\u003c/span\u003e\u003c/p\u003e\r\n\u003c/td\u003e\r\n\u003ctd\u003e\r\n\u003cp\u003e\u003cspan style=\"font-weight: 400;\"\u003ePlant-Based\u003c/span\u003e\u003c/p\u003e\r\n\u003c/td\u003e\r\n\u003ctd\u003e\r\n\u003cp\u003e\u003cspan style=\"font-weight: 400;\"\u003eAmino Acid - Nourishing Agent\u003c/span\u003e\u003c/p\u003e\r\n\u003c/td\u003e\r\n\u003c/tr\u003e\r\n\u003ctr\u003e\r\n\u003ctd\u003e\r\n\u003cp\u003e\u003cspan style=\"font-weight: 400;\"\u003eThreonine\u003c/span\u003e\u003c/p\u003e\r\n\u003c/td\u003e\r\n\u003ctd\u003e\r\n\u003cp\u003e\u003cspan style=\"font-weight: 400;\"\u003eNatural\u003c/span\u003e\u003c/p\u003e\r\n\u003c/td\u003e\r\n\u003ctd\u003e\r\n\u003cp\u003e\u003cspan style=\"font-weight: 400;\"\u003ePlant-Based\u003c/span\u003e\u003c/p\u003e\r\n\u003c/td\u003e\r\n\u003ctd\u003e\r\n\u003cp\u003e\u003cspan style=\"font-weight: 400;\"\u003eConditioning Agent\u003c/span\u003e\u003c/p\u003e\r\n\u003c/td\u003e\r\n\u003c/tr\u003e\r\n\u003ctr\u003e\r\n\u003ctd\u003e\r\n\u003cp\u003e\u003cspan style=\"font-weight: 400;\"\u003ePolyquaternium-10\u003c/span\u003e\u003c/p\u003e\r\n\u003c/td\u003e\r\n\u003ctd\u003e\r\n\u003cp\u003e\u003cspan style=\"font-weight: 400;\"\u003eNatural\u003c/span\u003e\u003c/p\u003e\r\n\u003c/td\u003e\r\n\u003ctd\u003e\r\n\u003cp\u003e\u003cspan style=\"font-weight: 400;\"\u003ePlant-Based\u003c/span\u003e\u003c/p\u003e\r\n\u003c/td\u003e\r\n\u003ctd\u003e\r\n\u003cp\u003e\u003cspan style=\"font-weight: 400;\"\u003ePromotes Hair Growth\u003c/span\u003e\u003c/p\u003e\r\n\u003c/td\u003e\r\n\u003c/tr\u003e\r\n\u003ctr\u003e\r\n\u003ctd\u003e\r\n\u003cp\u003e\u003cspan style=\"font-weight: 400;\"\u003eGuar Hydroxypropyltrimonium Chloride\u003c/span\u003e\u003c/p\u003e\r\n\u003c/td\u003e\r\n\u003ctd\u003e\r\n\u003cp\u003e\u003cspan style=\"font-weight: 400;\"\u003eNatural\u003c/span\u003e\u003c/p\u003e\r\n\u003c/td\u003e\r\n\u003ctd\u003e\r\n\u003cp\u003e\u003cspan style=\"font-weight: 400;\"\u003ePlant-Based\u003c/span\u003e\u003c/p\u003e\r\n\u003c/td\u003e\r\n\u003ctd\u003e\r\n\u003cp\u003e\u003cspan style=\"font-weight: 400;\"\u003eConditioning Agent\u003c/span\u003e\u003c/p\u003e\r\n\u003c/td\u003e\r\n\u003c/tr\u003e\r\n\u003ctr\u003e\r\n\u003ctd\u003e\r\n\u003cp\u003e\u003cspan style=\"font-weight: 400;\"\u003eHibiscus Rosa-Sinensis Flower Extract\u003c/span\u003e\u003c/p\u003e\r\n\u003c/td\u003e\r\n\u003ctd\u003e\r\n\u003cp\u003e\u003cspan style=\"font-weight: 400;\"\u003eNatural\u003c/span\u003e\u003c/p\u003e\r\n\u003c/td\u003e\r\n\u003ctd\u003e\r\n\u003cp\u003e\u003cspan style=\"font-weight: 400;\"\u003ePlant-Based\u003c/span\u003e\u003c/p\u003e\r\n\u003c/td\u003e\r\n\u003ctd\u003e\r\n\u003cp\u003e\u003cspan style=\"font-weight: 400;\"\u003eConditioning Agent\u003c/span\u003e\u003c/p\u003e\r\n\u003c/td\u003e\r\n\u003c/tr\u003e\r\n\u003ctr\u003e\r\n\u003ctd\u003e\r\n\u003cp\u003e\u003cspan style=\"font-weight: 400;\"\u003eMurraya Koenigii (Curry) Leaf Extract\u003c/span\u003e\u003c/p\u003e\r\n\u003c/td\u003e\r\n\u003ctd\u003e\r\n\u003cp\u003e\u003cspan style=\"font-weight: 400;\"\u003eNatural\u003c/span\u003e\u003c/p\u003e\r\n\u003c/td\u003e\r\n\u003ctd\u003e\r\n\u003cp\u003e\u003cspan style=\"font-weight: 400;\"\u003ePlant-Based\u003c/span\u003e\u003c/p\u003e\r\n\u003c/td\u003e\r\n\u003ctd\u003e\r\n\u003cp\u003e\u003cspan style=\"font-weight: 400;\"\u003eHair Fall Control\u003c/span\u003e\u003c/p\u003e\r\n\u003c/td\u003e\r\n\u003c/tr\u003e\r\n\u003ctr\u003e\r\n\u003ctd\u003e\r\n\u003cp\u003e\u003cspan style=\"font-weight: 400;\"\u003eSodium Gluconate\u003c/span\u003e\u003c/p\u003e\r\n\u003c/td\u003e\r\n\u003ctd\u003e\r\n\u003cp\u003e\u003cspan style=\"font-weight: 400;\"\u003eNatural\u003c/span\u003e\u003c/p\u003e\r\n\u003c/td\u003e\r\n\u003ctd\u003e\r\n\u003cp\u003e\u003cspan style=\"font-weight: 400;\"\u003ePlant-Based\u003c/span\u003e\u003c/p\u003e\r\n\u003c/td\u003e\r\n\u003ctd\u003e\r\n\u003cp\u003e\u003cspan style=\"font-weight: 400;\"\u003eChelating Agent\u003c/span\u003e\u003c/p\u003e\r\n\u003c/td\u003e\r\n\u003c/tr\u003e\r\n\u003ctr\u003e\r\n\u003ctd\u003e\r\n\u003cp\u003e\u003cspan style=\"font-weight: 400;\"\u003eLactic Acid\u003c/span\u003e\u003c/p\u003e\r\n\u003c/td\u003e\r\n\u003ctd\u003e\r\n\u003cp\u003e\u003cspan style=\"font-weight: 400;\"\u003eNatural\u003c/span\u003e\u003c/p\u003e\r\n\u003c/td\u003e\r\n\u003ctd\u003e\r\n\u003cp\u003e\u003cspan style=\"font-weight: 400;\"\u003eMilk Derived\u003c/span\u003e\u003c/p\u003e\r\n\u003c/td\u003e\r\n\u003ctd\u003e\r\n\u003cp\u003e\u003cspan style=\"font-weight: 400;\"\u003eHumectant\u003c/span\u003e\u003c/p\u003e\r\n\u003c/td\u003e\r\n\u003c/tr\u003e\r\n\u003c/tbody\u003e\r\n\u003c/table\u003e\r\n\u003cp\u003e \u003c/p\u003e"},{"attribute_code":"attribute_value_7","value":"\u003cdiv id=\"faqs\"\u003e\r\n  \u003cp\u003eWill It Suit My Hair Type?\u003c/p\u003e\r\n  \u003cp\u003eYes, our Hibiscus Damage Repair Shampoo is suitable for all hair types.\u003c/p\u003e\r\n  \u003cp\u003eIs It Effective In Treating Frizziness?\u003c/p\u003e\r\n  \u003cp\u003e\r\n    Yes, our Hibiscus Damage Repair Shampoo tackles multiple signs of hair\r\n    damage like frizziness, dullness and split ends to give you healthier and\r\n    stronger hair, naturally.\r\n  \u003c/p\u003e\r\n  \u003cp\u003eWill This Make My Scalp Dry?\u003c/p\u003e\r\n  \u003cp\u003e\r\n    No, Hibiscus Damage Repair Shampoo will not make your scalp dry. It will\r\n    gently cleanse without stripping your scalp of its essential moisture.\r\n  \u003c/p\u003e\r\n  \u003cp\u003eWill It Make My Hair Smooth?\u003c/p\u003e\r\n  \u003cp\u003e\r\n    Yes, our Hibiscus Damage Repair Shampoo fights dryness and makes your locks\r\n    silky, and smooth with every wash.\r\n  \u003c/p\u003e\r\n\u003c/div\u003e\r\n"},{"attribute_code":"special_price","value":null}],"hide_in_front":0,"image":"/1/-/1-with-ingredients_8.jpg","imageAltTags":["hibiscus shampoo, damage repair shampoo, hibiscus shampoo benefits, best hibiscus shampoo, hibiscus shampoo for hair","hibiscus shampoo, damage repair shampoo, hibiscus shampoo benefits, best hibiscus shampoo, hibiscus shampoo for hair","hibiscus shampoo, damage repair shampoo, hibiscus shampoo benefits","best hibiscus shampoo, hibiscus shampoo for hair","hibiscus shampoo, damage repair shampoo, hibiscus shampoo benefits, best hibiscus shampoo, hibiscus shampoo for hair","hibiscus shampoo, damage repair shampoo, hibiscus shampoo benefits, best hibiscus shampoo","hibiscus shampoo for hair"],"is_in_stock":true,"name":"Mamaearth Hibiscus Damage Repair Shampoo With Hibiscus \u0026 Curry Leaves - 250ml","position":"5","price":"349.00","product_card_tags":"Repairs Hair Damage | Cleanses Gently | Makes Hair Strong \u0026 Nourished","review_count":75,"sku":"8904417312386","special_price":"","tags":"new launch","url_key":"hibiscus-shampoo-for-hair-damage-repair-250ml","product_subtitle_keys":["Buy 1 Get 1 FREE"," Hibiscus"," Shampoo"],"size":"250ml","unitPrice":"1.40/ml","old_productid":"1155","generic_name":null},{"id":215,"tier_prices":[],"avg_rating_percent":95,"categories":[2,21,27,5,23,30,68,39,31,158,160,162,221,108,183,338,163,295,377,33],"created_at":"2021-03-25 13:33:15","custom_attributes":[{"attribute_code":"manufacturer","value":"Indo Herbal Products, Unit - 2, Plot No. 29, Sector 1B, IIE, Sidcul, Ranipur, Haridwar, 249403, Regd. address :- C-84 Panchsheel Enclave, New Delhi – 110017"},{"attribute_code":"meta_title","value":"Bhringraj Shampoo with Amla for Damaged Hair - 250 ml"},{"attribute_code":"meta_description","value":"Mamaearth bhringraj shampoo for intense hair treatment and damage repair. Bhringamla shampoo with bhringraj and amla boosts your hair growth smoothly."},{"attribute_code":"image","value":"/b/h/bhringamla-shampoo_1_.jpg"},{"attribute_code":"small_image","value":"/b/h/bhringamla-shampoo_1_.jpg"},{"attribute_code":"thumbnail","value":"/b/h/bhringamla-shampoo_1_.jpg"},{"attribute_code":"options_container","value":"container2"},{"attribute_code":"small_image_label","value":"bhringraj shampoo for hair"},{"attribute_code":"thumbnail_label","value":"bhringraj shampoo for hair"},{"attribute_code":"country_of_manufacture","value":"IN"},{"attribute_code":"url_key","value":"bhringamla-shampoo-with-bhringraj-amla-for-intense-hair-treatment-250-ml"},{"attribute_code":"msrp_display_actual_price_type","value":"0"},{"attribute_code":"gift_message_available","value":"2"},{"attribute_code":"swatch_image","value":"/b/h/bhringamla-shampoo_1_.jpg"},{"attribute_code":"attribute_label_1","value":"Results of Mamaearth BhringAmla Shampoo"},{"attribute_code":"attribute_label_2","value":"Key Ingredients"},{"attribute_code":"attribute_label_3","value":"How to Use"},{"attribute_code":"attribute_label_4","value":"Who can Use"},{"attribute_code":"attribute_label_5","value":"Why Mamaearth"},{"attribute_code":"attribute_label_6","value":"Ingredient List"},{"attribute_code":"attribute_label_7","value":"FAQS"},{"attribute_code":"best_before","value":"24 Months"},{"attribute_code":"dimensions","value":"10 * 5 * 5 cm"},{"attribute_code":"mrp","value":"349"},{"attribute_code":"old_productid","value":"284"},{"attribute_code":"weight_when_packed","value":"0.500"},{"attribute_code":"tags","value":"best-seller"},{"attribute_code":"marketed_by","value":"Honasa Consumer Limited, 10th and 11th Floor, Capital Cyberscape, Sector 59, Gurugram, Haryana, 122101"},{"attribute_code":"live_url","value":"https://mamaearth.in/product/bhringamla-shampoo-with-bhringraj-amla-for-intense-hair-treatment-250-ml"},{"attribute_code":"license_no","value":"20/C/U.A/2010"},{"attribute_code":"length","value":"10"},{"attribute_code":"google_category","value":"543615"},{"attribute_code":"cms_sequence","value":"1,2,3,4,5,6,7,8"},{"attribute_code":"width","value":"5"},{"attribute_code":"height","value":"5"},{"attribute_code":"breadcrumb_category","value":"158","title":"Anti Dandruff Shampoo","url_key":"anti-dandruff-shampoo"},{"attribute_code":"custom_product_type","value":"be_hair"},{"attribute_code":"brand","value":"4"},{"attribute_code":"product_card_tags","value":"Repairs Damaged Hair | Boosts Hair Growth"},{"attribute_code":"saving_scheme","value":"price_per_100_ml"},{"attribute_code":"is_suitable_for_skin_type","value":"465","label":"normal"},{"attribute_code":"hair_goals","value":"477,479,481","label":"hair strengthening, hair fall reduction, damage repair"},{"attribute_code":"tax_class_id","value":"2"},{"attribute_code":"create_scarcity","value":"0"},{"attribute_code":"hide_product_infront","value":"0"},{"attribute_code":"show_in_feed","value":"1"},{"attribute_code":"base_category","value":"85"},{"attribute_code":"base_sub_category","value":"73"},{"attribute_code":"show_price_per_unit","value":"1"},{"attribute_code":"volume","value":"250"},{"attribute_code":"enable_fbt_popup","value":"0"},{"attribute_code":"strikethrough","value":"1"},{"attribute_code":"tag_keywords","value":"BhringAmla Shampoo, Bhring, Amla, Shampoo, hair, Hair Treatment"},{"attribute_code":"short_description","value":"\u003cp style=\"text-align:justify\"\u003eFinally, a hair cleanser you can commit to. Our Bhringraj Shampoo is a serious multitasker. It is a blend of Bhringraj, Amla, and many other herbs reduces hair fall, repairs damaged hair, and reduces dandruff.\u003cbr /\u003e\r\nCrafted with time-tested natural ingredients such as Bhringraj and Amla, Our BhringAmla shampoo has oil that has been made following the traditional ‘Kshirpak Vidhi.’ This is an ancient and esoteric Ayurveda process, where ‘Kshira’ or milk is combined with different herbs in a process that requires patience and precision.\u003cbr /\u003e\r\nThe natural herbs and oils present in the shampoo control hair fall and repair damaged hair, leaving you with healthy, strong, and voluminous hair after every wash. Safe for colored and chemically treated hair, this shampoo is free of harmful chemicals \u0026 toxins such as Silicones, Parabens, Mineral Oil, \u0026amp; Dyes.\u003c/p\u003e"},{"attribute_code":"attribute_value_1","value":"\u003cul class=\"result-list\"\u003e\r\n\u003cli\u003e\r\n\u003cdiv class=\"result-img\"\u003e\u003cimg src=\"https://images.mamaearth.in/wysiwyg/Bhringraj_.jpg\" alt=\"Mamaearth BhringAmla Shampoo for Repairs Damaged Hair\" /\u003e\u003c/div\u003e\r\n\u003ch2\u003eRepairs Damaged Hair\u003c/h2\u003e\r\n\u003cspan class=\"result-content\" style=\"padding: 0; text-align: center;\"\u003eWith the goodness of Ayurvedic herbs and natural oils, BhringAmla Shampoo effectively works to repair hair damage. Amla and Bhringraj make the hair healthier and stronger from root to tip.\u003c/span\u003e\u003c/li\u003e\r\n\u003cli\u003e\r\n\u003cdiv class=\"result-img\"\u003e\u003cimg src=\"https://images.mamaearth.in/wysiwyg/Promotes_Hair_Growth_FBAoiRU.jpg\" alt=\"Mamaearth bhringraj shampoo, mamaearth sulphate free shampoo review, mamaearth bhringamla shampoo review, mamaearth anti dandruff shampoo price\" /\u003e\u003c/div\u003e\r\n\u003ch2\u003ePromotes Hair Growth\u003c/h2\u003e\r\n\u003cspan class=\"result-content\" style=\"padding: 0; text-align: center;\"\u003eWhen you have a hair care recipe that’s 4000 years old, you can expect exceptional results. The oils present in the shampoo penetrate deep within the roots and stimulate the hair follicles, leading to increased hair growth.\u003c/span\u003e\u003c/li\u003e\r\n\u003cli\u003e\r\n\u003cdiv class=\"result-img\"\u003e\u003cimg src=\"https://images.mamaearth.in/wysiwyg/Reduces_Dandruff__Soothes_Dry_Scalp.jpg\"alt=\"Mamaearth shampoo for white hair as amla bhringraj shampoo for Reduces Dandruff\" /\u003e\u003c/div\u003e\r\n\u003ch2\u003eReduces Dandruff \u0026amp; Soothes Dry Scalp\u003c/h2\u003e\r\n\u003cspan class=\"result-content\" style=\"padding: 0; text-align: center;\"\u003eThe time-tested Ayurvedic ingredients present in the shampoo ensure that the scalp is cleansed thoroughly and the roots are strengthened, leading to reduced dandruff.\u003c/span\u003e\u003c/li\u003e\r\n\u003c/ul\u003e"},{"attribute_code":"attribute_value_2","value":"\u003cul class=\"woodmart-list\"\u003e\r\n\u003cli\u003e\r\n\u003cdiv class=\"list-icon\"\u003e\u003cimg src=\"https://images.mamaearth.in/wysiwyg/Bhringraj_.jpg\" alt=\"BhringAmla Shampoo\" /\u003e\u003c/div\u003e\r\n\u003cspan class=\"list-content\" style=\"text-align: justify;\"\u003e\u003cstrong\u003eBhringraj : \u003c/strong\u003eThe ‘King of Herbs,’ Bhringraj is one of nature’s best gifts used since time immemorial in Ayurveda for improving hair health. It enhances blood circulation, promotes hair growth, treats dandruff \u0026amp; dry scalp, and prevents hair fall. Since it is also deeply moisturizing, it works as a natural conditioner for your tresses.\u003c/span\u003e\u003c/li\u003e\r\n\u003cli\u003e\r\n\u003cdiv class=\"list-icon\"\u003e\u003cimg src=\"https://images.mamaearth.in/wysiwyg/Amla.jpg\" alt=\"Mamaearth BhringAmla Shampoo with Amla\" /\u003e\u003c/div\u003e\r\n\u003cspan class=\"list-content\" style=\"text-align: justify;\"\u003e\u003cstrong\u003eAmla : \u003c/strong\u003eA powerhouse of Vitamin C, antioxidants, tannins, and phytonutrients, Amla strengthens hair from the roots, prevents grey hair, softens hair strands, and improves scalp health. It also enhances hair growth and increases the length and strength.\u003c/span\u003e\u003c/li\u003e\r\n\u003cli\u003e\r\n\u003cdiv class=\"list-icon\"\u003e\u003cimg src=\"https://images.mamaearth.in/wysiwyg/Shikakai.jpg\" alt=\"BhringAmla Shampoo with Shikakai\" /\u003e\u003c/div\u003e\r\n\u003cspan class=\"list-content\" style=\"text-align: justify;\"\u003e\u003cstrong\u003eShikakai : \u003c/strong\u003eAn age-old hair care ingredient that is loaded with vitamins and the goodness of nature. It promotes hair growth, nourishes hair, and prevents free radical damage.\u003c/span\u003e\u003c/li\u003e\r\n\u003cli\u003e\r\n\u003cdiv class=\"list-icon\"\u003e\u003cimg src=\"https://images.mamaearth.in/wysiwyg/Brahmi.jpg\" alt=\"Mamaearth BhringAmla Shampoo with Brahmi\" /\u003e\u003c/div\u003e\r\n\u003cspan class=\"list-content\" style=\"text-align: justify;\"\u003e\u003cstrong\u003eBrahmi : \u003c/strong\u003eIt is an antioxidant that prevents dry scalp and hair fall. Brahmi helps in nourishing roots, while accelerating hair growth, and strengthening hair follicles.\u003c/span\u003e\u003c/li\u003e\r\n\u003c/ul\u003e"},{"attribute_code":"attribute_value_3","value":"\u003cul\u003e\r\n\u003cli\u003e\u003cspan class=\"list-content\"\u003e\u003cstrong\u003eStep 1 : \u003c/strong\u003eGently massage shampoo onto wet hair and scalp with ﬁngertips to work into a lather.\u003c/span\u003e\u003c/li\u003e\r\n\u003cli\u003e\u003cspan class=\"list-content\"\u003e\u003cstrong\u003eStep 2 : \u003c/strong\u003eRinse thoroughly and follow it up with Mamaearth BhringAmla Conditioner.\u003c/span\u003e\u003c/li\u003e\r\n\u003c/ul\u003e"},{"attribute_code":"attribute_value_4","value":"\u003cul style=\"list-style: disc; padding-left: 1em;\"\u003e\r\n\u003cli\u003e\u003cspan class=\"list-content\"\u003eMen and women of age 15 years and above\u003c/span\u003e\u003c/li\u003e\r\n\u003cli\u003e\u003cspan class=\"list-content\"\u003eThe hair shampoo is suitable for all hair types\u003c/span\u003e\u003c/li\u003e\r\n\u003c/ul\u003e"},{"attribute_code":"attribute_value_5","value":"\u003cul class=\"compare-list\"\u003e\r\n\u003cli\u003e\r\n\u003cdiv class=\"compare-img\"\u003e\u003cimg src=\"https://images.mamaearth.in/wysiwyg/BhringAmla-Hair-Shampoo_2.jpg\" alt=\"Mamaearth BhringAmla Shampoo Better Than Others Available In The Market\" /\u003e\u003c/div\u003e\r\n\u003cdiv class=\"compare-content\"\u003e\r\n\u003cul\u003e\r\n\u003cli\u003eReduces Hair Fall\u003c/li\u003e\r\n\u003cli\u003eReverses Hair Damage\u003c/li\u003e\r\n\u003cli\u003ePrevents Dandruff \u0026amp; Dry Scalp\u003c/li\u003e\r\n\u003cli\u003ePromotes Hair Growth\u003c/li\u003e\r\n\u003cli\u003eMakes Hair Healthy\u003c/li\u003e\r\n\u003cli\u003eSuitable for All Hair Types\u003c/li\u003e\r\n\u003cli\u003eNo Harmful Chemicals\u003c/li\u003e\r\n\u003cli\u003eDermatologically Tested\u003c/li\u003e\r\n\u003c/ul\u003e\r\n\u003c/div\u003e\r\n\u003c/li\u003e\r\n\u003cli\u003e\r\n\u003cdiv class=\"compare-img\"\u003e\u003cimg src=\"https://images.mamaearth.in/wysiwyg/wysiwyg/image/Oil-Bottle-300x300.jpg\" alt=\"Why Is Mamaearth BhringAmla Shampoo Better Than Others\" /\u003e\u003c/div\u003e\r\n\u003cdiv class=\"compare-content\"\u003e\r\n\u003cul\u003e\r\n\u003cli\u003eDoes Not Reduce Hair Fall\u003c/li\u003e\r\n\u003cli\u003eDoes Not Reverse Hair Damage\u003c/li\u003e\r\n\u003cli\u003eDoes Not Prevent Dandruff \u0026amp; Dry Scalp\u003c/li\u003e\r\n\u003cli\u003eDoes Not Promote Hair Growth\u003c/li\u003e\r\n\u003cli\u003eDoes Not Make Hair Healthy\u003c/li\u003e\r\n\u003cli\u003eNot Suitable for All Hair Types\u003c/li\u003e\r\n\u003cli\u003eContains Harmful Chemicals\u003c/li\u003e\r\n\u003cli\u003eNot Tested Dermatologically\u003c/li\u003e\r\n\u003c/ul\u003e\r\n\u003c/div\u003e\r\n\u003c/li\u003e\r\n\u003c/ul\u003e"},{"attribute_code":"attribute_value_6","value":"\u003ctable style=\"width: 646px;\"\u003e\r\n\u003ctbody\u003e\r\n\u003ctr\u003e\r\n\u003ctd width=\"198\"\u003e\u003cspan\u003eIngredients\u003c/span\u003e\u003c/td\u003e\r\n\u003ctd width=\"133\"\u003e\u003cspan\u003eType\u003c/span\u003e\u003c/td\u003e\r\n\u003ctd width=\"133\"\u003e\u003cspan\u003eWhere Is It From?\u003c/span\u003e\u003c/td\u003e\r\n\u003ctd width=\"182\"\u003e\u003cspan\u003eHow It Helps?\u003c/span\u003e\u003c/td\u003e\r\n\u003c/tr\u003e\r\n\u003ctr\u003e\r\n\u003ctd width=\"198\"\u003eAqua\u003c/td\u003e\r\n\u003ctd width=\"133\"\u003eNatural\u003c/td\u003e\r\n\u003ctd width=\"133\"\u003eWater\u003c/td\u003e\r\n\u003ctd width=\"182\"\u003eDiluent\u003c/td\u003e\r\n\u003c/tr\u003e\r\n\u003ctr\u003e\r\n\u003ctd width=\"198\"\u003eCocamidopropyl Betaine\u003c/td\u003e\r\n\u003ctd width=\"133\"\u003eNatural\u003c/td\u003e\r\n\u003ctd width=\"133\"\u003ePlant-Based\u003c/td\u003e\r\n\u003ctd width=\"182\"\u003eEmulsifying \u0026 Thickening Agent\u003c/td\u003e\r\n\u003c/tr\u003e\r\n\u003ctr\u003e\r\n\u003ctd width=\"198\"\u003eGlycerine\u003c/td\u003e\r\n\u003ctd width=\"133\"\u003eNatural\u003c/td\u003e\r\n\u003ctd width=\"133\"\u003ePlant-Based\u003c/td\u003e\r\n\u003ctd width=\"182\"\u003eStrengthens \u0026 Moisturizes Hair\u003c/td\u003e\r\n\u003c/tr\u003e\r\n\u003ctr\u003e\r\n\u003ctd width=\"198\"\u003eCaprylyl/Capryl Glucoside\u003c/td\u003e\r\n\u003ctd width=\"133\"\u003eNatural\u003c/td\u003e\r\n\u003ctd width=\"133\"\u003ePlant-Based\u003c/td\u003e\r\n\u003ctd width=\"182\"\u003eConditioning and Moisturizing Agent\u003c/td\u003e\r\n\u003c/tr\u003e\r\n\u003ctr\u003e\r\n\u003ctd width=\"198\"\u003eSodium Methyl Cocoyl Taurate\u003c/td\u003e\r\n\u003ctd width=\"133\"\u003eNatural\u003c/td\u003e\r\n\u003ctd width=\"133\"\u003ePlant-Based\u003c/td\u003e\r\n\u003ctd width=\"182\"\u003eSurfactant \u0026 Foaming Agent\u003c/td\u003e\r\n\u003c/tr\u003e\r\n\u003ctr\u003e\r\n\u003ctd width=\"198\"\u003eSodium Lauroyl Sarcosinate\u003c/td\u003e\r\n\u003ctd width=\"133\"\u003eNatural\u003c/td\u003e\r\n\u003ctd width=\"133\"\u003ePlant-Based\u003c/td\u003e\r\n\u003ctd width=\"182\"\u003eCleans \u0026 Repairs Hair\u003c/td\u003e\r\n\u003c/tr\u003e\r\n\u003ctr\u003e\r\n\u003ctd width=\"198\"\u003eGlycol Distearate\u003c/td\u003e\r\n\u003ctd width=\"133\"\u003eNatural\u003c/td\u003e\r\n\u003ctd width=\"133\"\u003ePlant-Based\u003c/td\u003e\r\n\u003ctd width=\"182\"\u003eThickening agent\u003c/td\u003e\r\n\u003c/tr\u003e\r\n\u003ctr\u003e\r\n\u003ctd width=\"198\"\u003ePolyquaternium 7\u003c/td\u003e\r\n\u003ctd width=\"133\"\u003eSynthetic\u003c/td\u003e\r\n\u003ctd width=\"133\"\u003eLab Synthesized\u003c/td\u003e\r\n\u003ctd width=\"182\"\u003eConditioning Agent\u003c/td\u003e\r\n\u003c/tr\u003e\r\n\u003ctr\u003e\r\n\u003ctd width=\"198\"\u003ePolyquaternium 73\u003c/td\u003e\r\n\u003ctd width=\"133\"\u003eSynthetic\u003c/td\u003e\r\n\u003ctd width=\"133\"\u003eLab Synthesized\u003c/td\u003e\r\n\u003ctd width=\"182\"\u003eConditions \u0026 Softens Hair\u003c/td\u003e\r\n\u003c/tr\u003e\r\n\u003ctr\u003e\r\n\u003ctd width=\"198\"\u003ePolyquaternium 10\u003c/td\u003e\r\n\u003ctd width=\"133\"\u003eSynthetic\u003c/td\u003e\r\n\u003ctd width=\"133\"\u003eLab Synthesized\u003c/td\u003e\r\n\u003ctd width=\"182\"\u003eAnti Static Agent\u003c/td\u003e\r\n\u003c/tr\u003e\r\n\u003ctr\u003e\r\n\u003ctd width=\"198\"\u003eBhringraj\u003c/td\u003e\r\n\u003ctd width=\"133\"\u003eNatural\u003c/td\u003e\r\n\u003ctd width=\"133\"\u003ePlant-Based\u003c/td\u003e\r\n\u003ctd width=\"182\"\u003eBoosts Hair Growth \u0026 Prevents Hair Fall\u003c/td\u003e\r\n\u003c/tr\u003e\r\n\u003ctr\u003e\r\n\u003ctd width=\"198\"\u003eAmla\u003c/td\u003e\r\n\u003ctd width=\"133\"\u003eNatural\u003c/td\u003e\r\n\u003ctd width=\"133\"\u003ePlant-Based\u003c/td\u003e\r\n\u003ctd width=\"182\"\u003eHair Strengthener\u003c/td\u003e\r\n\u003c/tr\u003e\r\n\u003ctr\u003e\r\n\u003ctd width=\"198\"\u003eBrahmi\u003c/td\u003e\r\n\u003ctd width=\"133\"\u003eNatural\u003c/td\u003e\r\n\u003ctd width=\"133\"\u003ePlant-Based\u003c/td\u003e\r\n\u003ctd width=\"182\"\u003eReduces Hair Fall\u003c/td\u003e\r\n\u003c/tr\u003e\r\n\u003ctr\u003e\r\n\u003ctd width=\"198\"\u003eMethi\u003c/td\u003e\r\n\u003ctd width=\"133\"\u003eNatural\u003c/td\u003e\r\n\u003ctd width=\"133\"\u003ePlant-Based\u003c/td\u003e\r\n\u003ctd width=\"182\"\u003eReduces Hair Dryness \u0026 Strengthens Hair\u003c/td\u003e\r\n\u003c/tr\u003e\r\n\u003ctr\u003e\r\n\u003ctd width=\"198\"\u003eShikakai\u003c/td\u003e\r\n\u003ctd width=\"133\"\u003eNatural\u003c/td\u003e\r\n\u003ctd width=\"133\"\u003ePlant-Based\u003c/td\u003e\r\n\u003ctd width=\"182\"\u003ePromotes Hair Growth\u003c/td\u003e\r\n\u003c/tr\u003e\r\n\u003ctr\u003e\r\n\u003ctd width=\"198\"\u003eManjistha\u003c/td\u003e\r\n\u003ctd width=\"133\"\u003eNatural\u003c/td\u003e\r\n\u003ctd width=\"133\"\u003ePlant-Based\u003c/td\u003e\r\n\u003ctd width=\"182\"\u003eImproves Hair Health\u003c/td\u003e\r\n\u003c/tr\u003e\r\n\u003ctr\u003e\r\n\u003ctd width=\"198\"\u003eNeem\u003c/td\u003e\r\n\u003ctd width=\"133\"\u003eNatural\u003c/td\u003e\r\n\u003ctd width=\"133\"\u003ePlant-Based\u003c/td\u003e\r\n\u003ctd width=\"182\"\u003eAntibacterial,+D14:D22 Antifungal \u0026 Anti-Inflammatory Properties\u003c/td\u003e\r\n\u003c/tr\u003e\r\n\u003ctr\u003e\r\n\u003ctd width=\"198\"\u003eNagarmotha\u003c/td\u003e\r\n\u003ctd width=\"133\"\u003eNatural\u003c/td\u003e\r\n\u003ctd width=\"133\"\u003ePlant-Based\u003c/td\u003e\r\n\u003ctd width=\"182\"\u003eMoisturizes Scalp\u003c/td\u003e\r\n\u003c/tr\u003e\r\n\u003ctr\u003e\r\n\u003ctd width=\"198\"\u003eYashthimadhu\u003c/td\u003e\r\n\u003ctd width=\"133\"\u003eNatural\u003c/td\u003e\r\n\u003ctd width=\"133\"\u003ePlant-Based\u003c/td\u003e\r\n\u003ctd width=\"182\"\u003eAnti-Bacterial\u003c/td\u003e\r\n\u003c/tr\u003e\r\n\u003ctr\u003e\r\n\u003ctd width=\"198\"\u003eDatura\u003c/td\u003e\r\n\u003ctd width=\"133\"\u003eNatural\u003c/td\u003e\r\n\u003ctd width=\"133\"\u003ePlant-Based\u003c/td\u003e\r\n\u003ctd width=\"182\"\u003eReduces Hair Fall, Hair Loss \u0026 Dandruff\u003c/td\u003e\r\n\u003c/tr\u003e\r\n\u003ctr\u003e\r\n\u003ctd width=\"198\"\u003eGurhal\u003c/td\u003e\r\n\u003ctd width=\"133\"\u003eNatural\u003c/td\u003e\r\n\u003ctd width=\"133\"\u003ePlant-Based\u003c/td\u003e\r\n\u003ctd width=\"182\"\u003eStimulates Hair Growth, Conditions Hair, Reduces Dandruff, Itchy Scalp \u0026 Premature Greying\u003c/td\u003e\r\n\u003c/tr\u003e\r\n\u003ctr\u003e\r\n\u003ctd width=\"198\"\u003eJatamansi\u003c/td\u003e\r\n\u003ctd width=\"133\"\u003eNatural\u003c/td\u003e\r\n\u003ctd width=\"133\"\u003ePlant-Based\u003c/td\u003e\r\n\u003ctd width=\"182\"\u003eAnti-Inflammatory \u0026 Anti-Microbial Properties\u003c/td\u003e\r\n\u003c/tr\u003e\r\n\u003ctr\u003e\r\n\u003ctd width=\"198\"\u003eBaheda\u003c/td\u003e\r\n\u003ctd width=\"133\"\u003eNatural\u003c/td\u003e\r\n\u003ctd width=\"133\"\u003ePlant-Based\u003c/td\u003e\r\n\u003ctd width=\"182\"\u003ePromotes Hair Growth \u0026 Controls Dandruff\u003c/td\u003e\r\n\u003c/tr\u003e\r\n\u003ctr\u003e\r\n\u003ctd width=\"198\"\u003eGunja\u003c/td\u003e\r\n\u003ctd width=\"133\"\u003eNatural\u003c/td\u003e\r\n\u003ctd width=\"133\"\u003ePlant-Based\u003c/td\u003e\r\n\u003ctd width=\"182\"\u003eReduces Itching, Dandruff, Scalp Acne, Scalp Psoriasis \u0026 Scalp Eczema\u003c/td\u003e\r\n\u003c/tr\u003e\r\n\u003ctr\u003e\r\n\u003ctd width=\"198\"\u003eHeena\u003c/td\u003e\r\n\u003ctd width=\"133\"\u003eNatural\u003c/td\u003e\r\n\u003ctd width=\"133\"\u003ePlant-Based\u003c/td\u003e\r\n\u003ctd width=\"182\"\u003eRestores Scalp Ph, Strengthens Hair Follicles\u003c/td\u003e\r\n\u003c/tr\u003e\r\n\u003ctr\u003e\r\n\u003ctd width=\"198\"\u003eCoconut Oil\u003c/td\u003e\r\n\u003ctd width=\"133\"\u003eNatural\u003c/td\u003e\r\n\u003ctd width=\"133\"\u003ePlant-Based\u003c/td\u003e\r\n\u003ctd width=\"182\"\u003eMoisturizing\u003c/td\u003e\r\n\u003c/tr\u003e\r\n\u003ctr\u003e\r\n\u003ctd width=\"198\"\u003eSesame Oil\u003c/td\u003e\r\n\u003ctd width=\"133\"\u003eNatural\u003c/td\u003e\r\n\u003ctd width=\"133\"\u003ePlant-Based\u003c/td\u003e\r\n\u003ctd width=\"182\"\u003eMoisturizes \u0026 Prevents Greying\u003c/td\u003e\r\n\u003c/tr\u003e\r\n\u003ctr\u003e\r\n\u003ctd width=\"198\"\u003eCow Milk\u003c/td\u003e\r\n\u003ctd width=\"133\"\u003eNatural\u003c/td\u003e\r\n\u003ctd width=\"133\"\u003eNatural\u003c/td\u003e\r\n\u003ctd width=\"182\"\u003eMakes Hair Strong \u0026 Shiny\u003c/td\u003e\r\n\u003c/tr\u003e\r\n\u003ctr\u003e\r\n\u003ctd width=\"198\"\u003ePine Oil\u003c/td\u003e\r\n\u003ctd width=\"133\"\u003eNatural\u003c/td\u003e\r\n\u003ctd width=\"133\"\u003ePlant-Based\u003c/td\u003e\r\n\u003ctd width=\"182\"\u003eAntimicrobial\u003c/td\u003e\r\n\u003c/tr\u003e\r\n\u003ctr\u003e\r\n\u003ctd width=\"198\"\u003eGalbanum Oil\u003c/td\u003e\r\n\u003ctd width=\"133\"\u003eNatural\u003c/td\u003e\r\n\u003ctd width=\"133\"\u003ePlant-Based\u003c/td\u003e\r\n\u003ctd width=\"182\"\u003eSoothing \u0026 Calming Properties\u003c/td\u003e\r\n\u003c/tr\u003e\r\n\u003ctr\u003e\r\n\u003ctd width=\"198\"\u003eClove Oil\u003c/td\u003e\r\n\u003ctd width=\"133\"\u003eNatural\u003c/td\u003e\r\n\u003ctd width=\"133\"\u003ePlant-Based\u003c/td\u003e\r\n\u003ctd width=\"182\"\u003eHair Strengthener \u0026 Re-Growth\u003c/td\u003e\r\n\u003c/tr\u003e\r\n\u003ctr\u003e\r\n\u003ctd width=\"198\"\u003eEucalyptus Oil\u003c/td\u003e\r\n\u003ctd width=\"133\"\u003eNatural\u003c/td\u003e\r\n\u003ctd width=\"133\"\u003ePlant-Based\u003c/td\u003e\r\n\u003ctd width=\"182\"\u003eStimulates Hair Growth\u003c/td\u003e\r\n\u003c/tr\u003e\r\n\u003ctr\u003e\r\n\u003ctd width=\"198\"\u003eCitriodora Oil\u003c/td\u003e\r\n\u003ctd width=\"133\"\u003eNatural\u003c/td\u003e\r\n\u003ctd width=\"133\"\u003ePlant-Based\u003c/td\u003e\r\n\u003ctd width=\"182\"\u003eStimulates Hair Growth, Reduces Dandruff and Pre-Mature Greying\u003c/td\u003e\r\n\u003c/tr\u003e\r\n\u003ctr\u003e\r\n\u003ctd width=\"198\"\u003eCitronella Oil\u003c/td\u003e\r\n\u003ctd width=\"133\"\u003eNatural\u003c/td\u003e\r\n\u003ctd width=\"133\"\u003ePlant-Based\u003c/td\u003e\r\n\u003ctd width=\"182\"\u003eReduces Itching, Dandruff \u0026 Hair Fall\u003c/td\u003e\r\n\u003c/tr\u003e\r\n\u003ctr\u003e\r\n\u003ctd width=\"198\"\u003eSodium Benzoate\u003c/td\u003e\r\n\u003ctd width=\"133\"\u003eSynthetic\u003c/td\u003e\r\n\u003ctd width=\"133\"\u003eLab Synthesized\u003c/td\u003e\r\n\u003ctd width=\"182\"\u003ePreservative\u003c/td\u003e\r\n\u003c/tr\u003e\r\n\u003ctr\u003e\r\n\u003ctd width=\"198\"\u003ePotassium Sorbate\u003c/td\u003e\r\n\u003ctd width=\"133\"\u003eSynthetic\u003c/td\u003e\r\n\u003ctd width=\"133\"\u003eLab Synthesized\u003c/td\u003e\r\n\u003ctd width=\"182\"\u003ePreservative\u003c/td\u003e\r\n\u003c/tr\u003e\r\n\u003ctr\u003e\r\n\u003ctd width=\"198\"\u003eWheat Amino Acid\u003c/td\u003e\r\n\u003ctd width=\"133\"\u003eNatural\u003c/td\u003e\r\n\u003ctd width=\"133\"\u003ePlant-Based\u003c/td\u003e\r\n\u003ctd width=\"182\"\u003eConditioning Agent\u003c/td\u003e\r\n\u003c/tr\u003e\r\n\u003ctr\u003e\r\n\u003ctd width=\"198\"\u003eSoy Amino Acid\u003c/td\u003e\r\n\u003ctd width=\"133\"\u003eNatural\u003c/td\u003e\r\n\u003ctd width=\"133\"\u003ePlant-Based\u003c/td\u003e\r\n\u003ctd width=\"182\"\u003eStimulates Hair Growth\u003c/td\u003e\r\n\u003c/tr\u003e\r\n\u003ctr\u003e\r\n\u003ctd width=\"198\"\u003eThreonine\u003c/td\u003e\r\n\u003ctd width=\"133\"\u003eNatural\u003c/td\u003e\r\n\u003ctd width=\"133\"\u003ePlant-Based\u003c/td\u003e\r\n\u003ctd width=\"182\"\u003eStrengthens \u0026 Conditions Hair\u003c/td\u003e\r\n\u003c/tr\u003e\r\n\u003ctr\u003e\r\n\u003ctd width=\"198\"\u003eChlorophyll Extract\u003c/td\u003e\r\n\u003ctd width=\"133\"\u003eNatural\u003c/td\u003e\r\n\u003ctd width=\"133\"\u003ePlant-Based\u003c/td\u003e\r\n\u003ctd width=\"182\"\u003eHair Strengthener \u0026 Re-Growth\u003c/td\u003e\r\n\u003c/tr\u003e\r\n\u003c/tbody\u003e\r\n\u003c/table\u003e"},{"attribute_code":"attribute_value_7","value":"\u003cdiv id=\"faqs\"\u003e\r\n\u003cp\u003eIs Amla and Bhringraj shampoo good?\u003c/p\u003e\r\n\u003cp\u003eYes, Mamaearth BhringAmla Shampoo with Bhringraj and Amla is perfect for dull and damaged hair. This safe and natural amla bhringraj shampoo is also enriched with brahmi and shikakai that together repair damaged hair and promote faster growth\u003c/p\u003e\r\n\u003cp\u003eWhat is the best chemical-free shampoo?\u003c/p\u003e\r\n\u003cp\u003eThe best chemical-free shampoo is the one that does not contain any harmful chemicals such as parabens, sulfates, and any other artificial fragrances. Mamaearth Bhringraj Shampoo is the best chemical-free amla and bhringraj shampoo available online.\u003c/p\u003e\r\n\u003cp\u003eWhat is the best shampoo for intensive hair fall?\u003c/p\u003e\r\n\u003cp\u003eMamaearth BhringAmla Shampoo with Bhringraj and Amla is the best shampoo for treating intensive hair fall. This bhringraj shampoo for hair fall is also enriched with the goodness of brahmi and shikakai that together boost hair growth and drive out dandruff.\u003c/p\u003e\r\n\u003cp\u003eWhat is the safest BhringAmla shampoo to use?\u003c/p\u003e\r\n\u003cp\u003eMamaearth BhringAmla Shampoo is the safest shampoo to use because it does not contain harmful chemicals and is made from natural ingredients. This Amla hair shampoo can be used by both men and women.\u003c/p\u003e\r\n\u003cp\u003eI have acne on my scalp, will this amla bhringraj shampoo amla help cure it?\u003c/p\u003e\r\n\u003cp\u003eThe Ayurvedic ingredients present in the shampoo will cleanse and soothe your scalp and reduce inflammation.\u003c/p\u003e\r\n\u003cp\u003eCan I oil my hair before using this Amla Shampoo for Hair?\u003c/p\u003e\r\n\u003cp\u003eYes, you can use Mamaearth BhringAmla Hair Oil before using the shampoo for best results.\u003c/p\u003e\r\n\u003cp\u003eWill this bhringraj shampoo for hair fall cure my split ends?\u003c/p\u003e\r\n\u003cp\u003eNo, split ends cannot be cured by any hair care product. However, the shampoo prevents split ends from occurring by making hair strong and healthy.\u003c/p\u003e\r\n\u003cp\u003eHow to use Mamaearth Bhringamla Shampoo with Bhringraj and Amla for intense hair treatment?\u003c/p\u003e\r\n\u003cp\u003eGently massage shampoo onto wet hair and scalp with ﬁngertips to work into a lather then rinse thoroughly and follow it up with Mamaearth BhringAmla Conditioner.\u003c/p\u003e\r\n\u003cp\u003eWhat are the benefits of Amla Shampoo?\u003c/p\u003e\r\n\u003cp\u003eAmla Shampoo is a hair cleanser that contains the enriching benefits of herbs and other plants like Amla, Bhringraj, Brahmi, and Shikakai. It nourishes the hair in several concrete ways. One such hair cleanser is Mamaearth BhringAmla Shampoo. It comes with the innate goodness of Amla, Bhringraj, Shikakai, and Brahmi to give you happier and healthier hair with every use. It also helps reduce hair fall and premature graying, strengthens hair follicles, and improves scalp health. The best part? Mamaearth BhringAmla Shampoo is free from harmful toxins and chemicals and suitable for all hair types.\u003c/p\u003e\r\n\u003cp\u003eIs amla shampoo sulphate-free?\u003c/p\u003e\r\n\u003cp\u003eSulphate-free hair shampoos help you maintain your scalp’s natural oils. So, if you opt for a natural cleanser, it is likely sulfate-free. For instance, Mamaearth BhringAmla Hair Shampoo features a sulfate-free formula to cleanse dirt and grime in your hair. It offers a careful mix of safe and gentle herbs such as Bhringraj, Amla, Brahmi, and Shikakai for a deep cleansing experience. It also softens hair strands, improves scalp health, enhances hair growth, and increases the length and strength of your hair.\u003c/p\u003e\r\n\u003cp\u003eWhich is the best Amla shampoo for hair?\u003c/p\u003e\r\n\u003cp\u003eIf you want to nourish your hair and scalp with the goodness of Amla, look for toxin-free hair care products. Natural cleansers help gently remove the dirt and grime from your scalp while maintaining its natural pH. In this light, we recommend you try Mamaearth BhringAmla Hair Shampoo with Bhringraj and Amla for intense hair treatment. It is safe for colored and chemically-treated hair as the combo of potent herbs nourishes your hair and strengthens the follicles. Mamaearth BhringAmla Hair Shampoo also helps control excessive hair fall and repairs damaged hair, thus making your hair healthier, stronger, and more voluminous after every wash. Being safe, gentle, and toxin-free makes it suitable for everyone, regardless of their hair type.\u003c/p\u003e\r\n\u003cp\u003eWhat is the use of Bhringraj in shampoo?\u003c/p\u003e\r\n\u003cp\u003eBhringraj is a medicinal herb in Ayurveda that’s best known for its hair care benefits. It helps control excessive hair fall, repair damaged hair, and make the hair healthier, stronger, and more voluminous. It also helps make hair longer and stronger by improving blood circulation to the scalp. \u003c/p\u003e\r\n\u003c/div\u003e"},{"attribute_code":"meta_keyword","value":"bhringraj shampoo,amla shampoo,amla bhringraj shampoo,bhringraj shampoo for hair fall,amla hair shampoo,amla and bhringraj shampoo,bhringraj hair shampoo,intense hair fall, mamaearth shampoo for white hair, mamaearth bhringamla shampoo with bhringraj and amla for intense hair treatment"},{"attribute_code":"bestseller","value":"Bestseller"},{"attribute_code":"special_price","value":null},{"attribute_code":"special_from_date","value":"2023-08-24 13:20:00"}],"hide_in_front":0,"image":"/b/h/bhringamla-shampoo_1_.jpg","is_in_stock":true,"name":"BhringAmla Shampoo with Bhringraj and Amla for Intense Hair Treatment - 250 ml","position":"6","price":"349.00","product_card_tags":"Repairs Damaged Hair | Boosts Hair Growth","review_count":182,"sku":"8906087772897","special_price":"","special_price_from_date":{"date":"2023-08-24 18:50:00","timezone_type":3,"timezone":"Asia/Kolkata"},"tags":"best-seller","url_key":"bhringamla-shampoo-with-bhringraj-amla-for-intense-hair-treatment-250-ml","imageAltTags":["bhringraj shampoo for hair","bhringraj hair shampoo","Mamaearth bhringraj shampoo safe for all ","Mamaearth bhringraj shampoo key ingredients ","Mamaearth bhringraj shampoo how to use ","Mamaearth bhringraj shampoo range ","Mamaearth bhringraj shampoo toxin free ","amla shampoo"],"product_subtitle_keys":[],"size":"250ml","unitPrice":"1.40/ml","old_productid":"284","generic_name":null}]},{"categId":25,"title":"Makeup","description":"\u003cp\u003eColor with care with our all-new colorcare range that’s 100% toxin-free and formulated with the goodness of natural ingredients. Check out our newly launched products \u0026 bring home your new favorites.\u003c/p\u003e","position":7,"shopLink":"/product-category/makeup-products","products":[{"id":408,"tier_prices":[],"avg_rating_percent":95,"categories":[2,5,21,125,195,283,102,31,317,360,381,409,25,375],"created_at":"2021-09-15 07:36:19","custom_attributes":[{"attribute_code":"manufacturer","value":"Schwan Cosmetics Germany GmbH \u0026 Co. KG, Schwanweg 1, 90562 Heroldsberg, Germany "},{"attribute_code":"meta_title","value":"Eye Kajal for 11-Hour Long Stay \u0026 Smudge Proof -0.35g"},{"attribute_code":"meta_description","value":"Mamaearth Eye kajal with Vitamin C \u0026 Chamomile for 11 hour long stay. Shop the best eye pencil kajal which offers smudge-proof waterproof strokes for eye makeup."},{"attribute_code":"image","value":"/1/_/1_1_.jpg"},{"attribute_code":"small_image","value":"/1/_/1_1_.jpg"},{"attribute_code":"thumbnail","value":"/1/_/1_1_.jpg"},{"attribute_code":"options_container","value":"container2"},{"attribute_code":"small_image_label","value":"Kajal for eyes with Vitamin C \u0026 Chamomile\r\n"},{"attribute_code":"thumbnail_label","value":"Kajal for eyes with Vitamin C \u0026 Chamomile\r\n"},{"attribute_code":"country_of_manufacture","value":"IN"},{"attribute_code":"url_key","value":"charcoal-black-long-stay-kajal-with-vitamin-c-chamomile"},{"attribute_code":"msrp_display_actual_price_type","value":"0"},{"attribute_code":"gift_message_available","value":"2"},{"attribute_code":"swatch_image","value":"/1/_/1_1_.jpg"},{"attribute_code":"attribute_label_1","value":"Results of Mamaearth Charcoal Black Long Stay Kajal "},{"attribute_code":"attribute_label_2","value":"Key Ingredients"},{"attribute_code":"attribute_label_3","value":"How to Use"},{"attribute_code":"attribute_label_4","value":"Who can Use"},{"attribute_code":"attribute_label_5","value":"Why Mamaearth"},{"attribute_code":"attribute_label_6","value":"Ingredient List"},{"attribute_code":"attribute_label_7","value":"FAQs"},{"attribute_code":"best_before","value":"32 Months"},{"attribute_code":"dimensions","value":"10*5*5"},{"attribute_code":"mrp","value":"299"},{"attribute_code":"old_productid","value":"608"},{"attribute_code":"tags","value":"best-seller"},{"attribute_code":"marketed_by","value":"Honasa Consumer Limited, 10th and 11th Floor, Capital Cyberscape, Sector 59, Gurugram, Haryana, 122101"},{"attribute_code":"live_url","value":"https://mamaearth.in/product/charcoal-black-long-stay-kajal-with-vitamin-c-chamomile"},{"attribute_code":"license_no","value":"RC/COS-002534"},{"attribute_code":"length","value":"10"},{"attribute_code":"google_category","value":"2915"},{"attribute_code":"cms_sequence","value":"1,2,3,4,5,6,7,8"},{"attribute_code":"width","value":"5"},{"attribute_code":"height","value":"5"},{"attribute_code":"breadcrumb_category","value":"195","title":"Best Eye Kajal in India","url_key":"eye-kajal"},{"attribute_code":"custom_product_type","value":"be_skin"},{"attribute_code":"brand","value":"4"},{"attribute_code":"product_card_tags","value":"11-Hour Long Stay | Smudge-Proof | Waterproof"},{"attribute_code":"saving_scheme","value":"price_per_100_gm"},{"attribute_code":"product_subtitle_keys","value":"Buy 1 Get 1 FREE, Kajal, 11 hour stay"},{"attribute_code":"is_suitable_for_skin_type","value":"465","label":"normal"},{"attribute_code":"tax_class_id","value":"2"},{"attribute_code":"create_scarcity","value":"1"},{"attribute_code":"hide_product_infront","value":"0"},{"attribute_code":"show_in_feed","value":"1"},{"attribute_code":"base_category","value":"88"},{"attribute_code":"base_sub_category","value":"56"},{"attribute_code":"eye_kajal","value":"110"},{"attribute_code":"show_price_per_unit","value":"1"},{"attribute_code":"volume","value":"1"},{"attribute_code":"enable_fbt_popup","value":"0"},{"attribute_code":"strikethrough","value":"1"},{"attribute_code":"meta_keyword","value":"eyeliner pencil, kajal for eyes, Charcoal Black Kajal, eyeliner styles, kajal pencil, best kajal pencil, kajal eye pencil, kajal eyeliner pencil, eyeliner pencil for women, buy eyeliner pencil online, natual eyeliner pencil, best Eyeliner Pencil, Eyeliner Pencil waterproof  "},{"attribute_code":"tag_keywords","value":"Kajal,Natural,Gentle,Long Lasting,11 Hour Stay,Safe,Smudge-free,Waterproof,Intense,Bold,Black,Dark,Soothing,Nourishing,Soothing,Hydrating,Refreshing,Cruelty-Free,Madesafe Certified ,Toxin-Free,No Harmful Chemicals "},{"attribute_code":"short_description","value":"\u003cp style=\"text-align: justify;\"\u003eLet your eyes do all the talking with the Mamaearth Charcoal Black Long Stay Kajal. Waterproof \u0026amp; smudge-free, the Kajal glides on effortlessly, adding a glossy sheen and a rich color that stays for 11 hours. Not only is the Kajal long-lasting, it is also crafted with the most soothing natural ingredients like Chamomile to give your eyes both color and care. It is also India’s first Made Safe certified Kajal, which means that it contains no toxins or harmful chemicals. \u003cbr /\u003eWith its easy and hassle-free application you can get all the definition you want - just twist, glide, and voila! Mamaearth Charcoal Black Long Stay Kajal is Vegan, Ophthalmologically Tested, and is meant to care for your precious eyes. Crafted with the goodness of Vitamin C, it also adds a hint of shine while Chamomile nourishes. \u003cbr /\u003eYou also won’t find any Parabens, mineral oil, and other dyes in our Charcoal Black Long Stay Kajal.\u003c/p\u003e"},{"attribute_code":"attribute_value_1","value":"\u003cul class=\"result-list\"\u003e\r\n\u003cli\u003e\r\n\u003cdiv class=\"result-img\"\u003e\u003cimg src=\"https://images.mamaearth.in/wysiwyg/new/11-Hour-Long-Stay.jpg\" alt=\"Charcoal Black Long Stay Kajal for 11-Hour Smudge-free Stay\" /\u003e\u003c/div\u003e\r\n\u003ch2\u003e11-Hour Long Stay\u003c/h2\u003e\r\n\u003cspan class=\"result-content\" style=\"padding: 0; text-align: center;\"\u003eMake way for deep, dark intense black color with sharp definition that stays on and on. Mamaearth Charcoal Black Long Stay Kajal glides effortlessly and stays on for 11 long hours. \u003c/span\u003e\u003c/li\u003e\r\n\u003cli\u003e\r\n\u003cdiv class=\"result-img\"\u003e\u003cimg src=\"https://images.mamaearth.in/wysiwyg/new/Smudge-Proof-and-Waterproof.jpg\" alt=\"Best smudge proof kajal for watery eyes Mama earth Ke Product\" /\u003e\u003c/div\u003e\r\n\u003ch2\u003eSmudge-Proof and Waterproof\u003c/h2\u003e\r\n\u003cspan class=\"result-content\" style=\"padding: 0; text-align: center;\"\u003eSweat or rain, the Kajal won’t smudge or budge. Get the perfect waterproof stroke every day. This Kajal is just what you need for those perfect intense eyes.\u003c/span\u003e\u003c/li\u003e\r\n\u003cli\u003e\r\n\u003cdiv class=\"result-img\"\u003e\u003cimg src=\"https://images.mamaearth.in/wysiwyg/new/Vegan-\u0026amp;-Made-Safe-Certified.jpg\" alt=\"Mamaearth Products List\" /\u003e\u003c/div\u003e\r\n\u003ch2\u003eVegan \u0026amp; Made Safe Certified Mamaearth Charcoal Black Long Stay Kajal\u003c/h2\u003e\r\n\u003cspan class=\"result-content\" style=\"padding: 0; text-align: center;\"\u003eMamaearth Charcoal Black Long Stay Kajal is Vegan, Ophthalmologically Tested, and Made Safe certified, giving your eyes both color and care. \u003c/span\u003e\u003c/li\u003e\r\n\u003c/ul\u003e"},{"attribute_code":"attribute_value_2","value":"\u003cul class=\"woodmart-list\"\u003e\r\n\u003cli\u003e\r\n\u003cdiv class=\"list-icon\"\u003e\u003cimg src=\"https://images.mamaearth.in/wysiwyg/new/Vitamin-C.jpg\" alt=\"Charcoal Black Long Stay Kajal with Vitamin C\" /\u003e\u003c/div\u003e\r\n\u003cspan class=\"list-content\" style=\"text-align: justify;\"\u003e\u003cstrong\u003eVitamin C : \u003c/strong\u003e A powerhouse of antioxidants, it offers essential nourishment to your eyes and makes them radiant.\u003c/span\u003e\u003c/li\u003e\r\n\u003cli\u003e\r\n\u003cdiv class=\"list-icon\"\u003e\u003cimg src=\"https://images.mamaearth.in/wysiwyg/new/Chamomile.jpg\" alt=\"Mama product Charcoal Black Long Stay Kajal with Chamomile\" /\u003e\u003c/div\u003e\r\n\u003cspan class=\"list-content\" style=\"text-align: justify;\"\u003e\u003cstrong\u003eChamomile : \u003c/strong\u003e It has soothing properties and refreshes sore eyes. It’s also anti-inflammatory and pacifies eye irritation.\u003c/span\u003e\u003c/li\u003e\r\n\u003c/ul\u003e"},{"attribute_code":"attribute_value_3","value":"\u003cul\u003e\r\n\u003cli\u003e\u003cspan class=\"list-content\"\u003e\u003cstrong\u003eStep 1 : \u003c/strong\u003eTwist the stick twice and apply the Kajal by gliding it over your lower lash line and water line. \u003c/span\u003e\u003c/li\u003e\r\n\u003cli\u003e\u003cspan class=\"list-content\"\u003e\u003cstrong\u003eStep 2 : \u003c/strong\u003eRepeat the process for the upper eyelid for better elevation.\u003c/span\u003e\u003c/li\u003e\r\n\u003cli\u003e\u003cspan class=\"list-content\"\u003e\u003cstrong\u003eStep 3 : \u003c/strong\u003eBuild up the color for a bold and intense look.\u003c/span\u003e\u003c/li\u003e\r\n\u003cli\u003e\u003cspan class=\"list-content\"\u003e\u003cstrong\u003eTIP: \u003c/strong\u003eRemove your Kajal easily with the Mamaearth Micellar Water Foaming Makeup Remover.\u003c/span\u003e\u003c/li\u003e\r\n\u003c/ul\u003e"},{"attribute_code":"attribute_value_4","value":"\u003cul style=\"list-style: disc; padding-left: 1em;\"\u003e\r\n\u003cli\u003e\u003cspan class=\"list-content\"\u003eEveryone above 15 years of age\u003c/span\u003e\u003c/li\u003e\r\n\u003cli\u003e\u003cspan class=\"list-content\"\u003eCharcoal Black Long Stay Kajal is suitable for all skin types\u003c/span\u003e\u003c/li\u003e\r\n\u003c/ul\u003e"},{"attribute_code":"attribute_value_5","value":"\u003cul class=\"compare-list\"\u003e\r\n\u003cli\u003e\r\n\u003cdiv class=\"compare-img\"\u003e \u003c/div\u003e\r\n\u003cdiv class=\"compare-content\"\u003e\r\n\u003cul\u003e\r\n\u003cli\u003e11 Hour Long Stay\u003c/li\u003e\r\n\u003cli\u003eMade Safe Certified\u003c/li\u003e\r\n\u003cli\u003eSmudge-Proof\u003c/li\u003e\r\n\u003cli\u003eOphthalmologically Tested\u003c/li\u003e\r\n\u003cli\u003eWaterproof\u003c/li\u003e\r\n\u003cli\u003eToxin Free\u003c/li\u003e\r\n\u003cli\u003eNo Harmful Chemicals\u003c/li\u003e\r\n\u003cli\u003eSuitable for All Skin Types\u003c/li\u003e\r\n\u003c/ul\u003e\r\n\u003c/div\u003e\r\n\u003c/li\u003e\r\n\u003cli\u003e\r\n\u003cdiv class=\"compare-img\"\u003e \u003c/div\u003e\r\n\u003cdiv class=\"compare-content\"\u003e\r\n\u003cul\u003e\r\n\u003cli\u003eDoesn’t Last Long \u003c/li\u003e\r\n\u003cli\u003eNo Safety Certification \u003c/li\u003e\r\n\u003cli\u003eSmudges Easily\u003c/li\u003e\r\n\u003cli\u003eNot Tested Ophthalmologically\u003c/li\u003e\r\n\u003cli\u003eWashes Off Easily\u003c/li\u003e\r\n\u003cli\u003eContains Toxins\u003c/li\u003e\r\n\u003cli\u003eContains Harmful Chemicals\u003c/li\u003e\r\n\u003cli\u003eNot Suitable for All Skin Types\u003c/li\u003e\r\n\u003c/ul\u003e\r\n\u003c/div\u003e\r\n\u003c/li\u003e\r\n\u003c/ul\u003e"},{"attribute_code":"attribute_value_6","value":"\u003ctable\u003e\r\n\u003ctbody\u003e\r\n\u003ctr\u003e\r\n\u003ctd\u003e\r\n\u003cp\u003e\u003cstrong\u003eIngredients\u003c/strong\u003e\u003c/p\u003e\r\n\u003c/td\u003e\r\n\u003ctd\u003e\r\n\u003cp\u003e\u003cstrong\u003eType\u003c/strong\u003e\u003c/p\u003e\r\n\u003c/td\u003e\r\n\u003ctd\u003e\r\n\u003cp\u003e\u003cstrong\u003eWhere It Comes From?\u003c/strong\u003e\u003c/p\u003e\r\n\u003c/td\u003e\r\n\u003ctd\u003e\r\n\u003cp\u003e\u003cstrong\u003eHow It Helps?\u003c/strong\u003e\u003c/p\u003e\r\n\u003c/td\u003e\r\n\u003c/tr\u003e\r\n\u003ctr\u003e\r\n\u003ctd\u003e\u003cbr /\u003e\u003cbr /\u003e\r\n\u003cp\u003e\u003cspan style=\"font-weight: 400;\"\u003eCI 77499\u003c/span\u003e\u003c/p\u003e\r\n\u003c/td\u003e\r\n\u003ctd\u003e\r\n\u003cp\u003e\u003cspan style=\"font-weight: 400;\"\u003eNatural\u003c/span\u003e\u003c/p\u003e\r\n\u003c/td\u003e\r\n\u003ctd\u003e\r\n\u003cp\u003e\u003cspan style=\"font-weight: 400;\"\u003eRock\u003c/span\u003e\u003c/p\u003e\r\n\u003c/td\u003e\r\n\u003ctd\u003e\r\n\u003cp\u003e\u003cspan style=\"font-weight: 400;\"\u003eColor\u003c/span\u003e\u003c/p\u003e\r\n\u003c/td\u003e\r\n\u003c/tr\u003e\r\n\u003ctr\u003e\r\n\u003ctd\u003e\u003cbr /\u003e\r\n\u003cp\u003e\u003cspan style=\"font-weight: 400;\"\u003eMica\u003c/span\u003e\u003c/p\u003e\r\n\u003c/td\u003e\r\n\u003ctd\u003e\r\n\u003cp\u003e\u003cspan style=\"font-weight: 400;\"\u003eNatural\u003c/span\u003e\u003c/p\u003e\r\n\u003c/td\u003e\r\n\u003ctd\u003e\r\n\u003cp\u003e\u003cspan style=\"font-weight: 400;\"\u003eRock\u003c/span\u003e\u003c/p\u003e\r\n\u003c/td\u003e\r\n\u003ctd\u003e\r\n\u003cp\u003e\u003cspan style=\"font-weight: 400;\"\u003eShimmer Effect\u003c/span\u003e\u003c/p\u003e\r\n\u003c/td\u003e\r\n\u003c/tr\u003e\r\n\u003ctr\u003e\r\n\u003ctd\u003e\u003cbr /\u003e\r\n\u003cp\u003e\u003cspan style=\"font-weight: 400;\"\u003eCI 77510\u003c/span\u003e\u003c/p\u003e\r\n\u003c/td\u003e\r\n\u003ctd\u003e\r\n\u003cp\u003e\u003cspan style=\"font-weight: 400;\"\u003eNatural\u003c/span\u003e\u003c/p\u003e\r\n\u003c/td\u003e\r\n\u003ctd\u003e\r\n\u003cp\u003e\u003cspan style=\"font-weight: 400;\"\u003eRock\u003c/span\u003e\u003c/p\u003e\r\n\u003c/td\u003e\r\n\u003ctd\u003e\r\n\u003cp\u003e\u003cspan style=\"font-weight: 400;\"\u003eColor\u003c/span\u003e\u003c/p\u003e\r\n\u003c/td\u003e\r\n\u003c/tr\u003e\r\n\u003ctr\u003e\r\n\u003ctd\u003e\u003cbr /\u003e\r\n\u003cp\u003e\u003cspan style=\"font-weight: 400;\"\u003eTrimethylsiloxysilicate\u003c/span\u003e\u003c/p\u003e\r\n\u003c/td\u003e\r\n\u003ctd\u003e\r\n\u003cp\u003e\u003cspan style=\"font-weight: 400;\"\u003eSynthetic\u003c/span\u003e\u003c/p\u003e\r\n\u003c/td\u003e\r\n\u003ctd\u003e\r\n\u003cp\u003e\u003cspan style=\"font-weight: 400;\"\u003eLab-Synthesized\u003c/span\u003e\u003c/p\u003e\r\n\u003c/td\u003e\r\n\u003ctd\u003e\r\n\u003cp\u003e\u003cspan style=\"font-weight: 400;\"\u003eWater Resistant Agent\u003c/span\u003e\u003c/p\u003e\r\n\u003c/td\u003e\r\n\u003c/tr\u003e\r\n\u003ctr\u003e\r\n\u003ctd\u003e\u003cbr /\u003e\r\n\u003cp\u003e\u003cspan style=\"font-weight: 400;\"\u003eHydrogenated Polyisobutene\u003c/span\u003e\u003c/p\u003e\r\n\u003c/td\u003e\r\n\u003ctd\u003e\r\n\u003cp\u003e\u003cspan style=\"font-weight: 400;\"\u003eSynthetic\u003c/span\u003e\u003c/p\u003e\r\n\u003c/td\u003e\r\n\u003ctd\u003e\r\n\u003cp\u003e\u003cspan style=\"font-weight: 400;\"\u003eLab-Synthesized\u003c/span\u003e\u003c/p\u003e\r\n\u003c/td\u003e\r\n\u003ctd\u003e\r\n\u003cp\u003e\u003cspan style=\"font-weight: 400;\"\u003eEmollient\u003c/span\u003e\u003c/p\u003e\r\n\u003c/td\u003e\r\n\u003c/tr\u003e\r\n\u003ctr\u003e\r\n\u003ctd\u003e\u003cbr /\u003e\r\n\u003cp\u003e\u003cspan style=\"font-weight: 400;\"\u003eSynthetic Wax\u003c/span\u003e\u003c/p\u003e\r\n\u003c/td\u003e\r\n\u003ctd\u003e\r\n\u003cp\u003e\u003cspan style=\"font-weight: 400;\"\u003eSynthetic\u003c/span\u003e\u003c/p\u003e\r\n\u003c/td\u003e\r\n\u003ctd\u003e\r\n\u003cp\u003e\u003cspan style=\"font-weight: 400;\"\u003eLab-Synthesized\u003c/span\u003e\u003c/p\u003e\r\n\u003c/td\u003e\r\n\u003ctd\u003e\r\n\u003cp\u003e\u003cspan style=\"font-weight: 400;\"\u003eBinging and Stabilizing Agent\u003c/span\u003e\u003c/p\u003e\r\n\u003c/td\u003e\r\n\u003c/tr\u003e\r\n\u003ctr\u003e\r\n\u003ctd\u003e\u003cbr /\u003e\r\n\u003cp\u003e\u003cspan style=\"font-weight: 400;\"\u003eHydrogenated Poly (C6-14 Olefin), \u003c/span\u003e\u003c/p\u003e\r\n\u003c/td\u003e\r\n\u003ctd\u003e\r\n\u003cp\u003e\u003cspan style=\"font-weight: 400;\"\u003eSynthetic\u003c/span\u003e\u003c/p\u003e\r\n\u003c/td\u003e\r\n\u003ctd\u003e\r\n\u003cp\u003e\u003cspan style=\"font-weight: 400;\"\u003eLab-Synthesized\u003c/span\u003e\u003c/p\u003e\r\n\u003c/td\u003e\r\n\u003ctd\u003e\r\n\u003cp\u003e\u003cspan style=\"font-weight: 400;\"\u003eEmollient\u003c/span\u003e\u003c/p\u003e\r\n\u003c/td\u003e\r\n\u003c/tr\u003e\r\n\u003ctr\u003e\r\n\u003ctd\u003e\u003cbr /\u003e\r\n\u003cp\u003e\u003cspan style=\"font-weight: 400;\"\u003eHydrogenated Polydecene\u003c/span\u003e\u003c/p\u003e\r\n\u003c/td\u003e\r\n\u003ctd\u003e\r\n\u003cp\u003e\u003cspan style=\"font-weight: 400;\"\u003eSynthetic\u003c/span\u003e\u003c/p\u003e\r\n\u003c/td\u003e\r\n\u003ctd\u003e\r\n\u003cp\u003e\u003cspan style=\"font-weight: 400;\"\u003eLab-Synthesized\u003c/span\u003e\u003c/p\u003e\r\n\u003c/td\u003e\r\n\u003ctd\u003e\r\n\u003cp\u003e\u003cspan style=\"font-weight: 400;\"\u003eEmollient\u003c/span\u003e\u003c/p\u003e\r\n\u003c/td\u003e\r\n\u003c/tr\u003e\r\n\u003ctr\u003e\r\n\u003ctd\u003e\u003cbr /\u003e\r\n\u003cp\u003e\u003cspan style=\"font-weight: 400;\"\u003eSilica Silylate\u003c/span\u003e\u003c/p\u003e\r\n\u003c/td\u003e\r\n\u003ctd\u003e\r\n\u003cp\u003e\u003cspan style=\"font-weight: 400;\"\u003eNatural\u003c/span\u003e\u003c/p\u003e\r\n\u003c/td\u003e\r\n\u003ctd\u003e\r\n\u003cp\u003e\u003cspan style=\"font-weight: 400;\"\u003eLab-Synthesized\u003c/span\u003e\u003c/p\u003e\r\n\u003c/td\u003e\r\n\u003ctd\u003e\r\n\u003cp\u003e\u003cspan style=\"font-weight: 400;\"\u003eEmollient\u003c/span\u003e\u003c/p\u003e\r\n\u003c/td\u003e\r\n\u003c/tr\u003e\r\n\u003ctr\u003e\r\n\u003ctd\u003e\u003cbr /\u003e\r\n\u003cp\u003e\u003cspan style=\"font-weight: 400;\"\u003ePolybutene\u003c/span\u003e\u003c/p\u003e\r\n\u003c/td\u003e\r\n\u003ctd\u003e\r\n\u003cp\u003e\u003cspan style=\"font-weight: 400;\"\u003eNatural\u003c/span\u003e\u003c/p\u003e\r\n\u003c/td\u003e\r\n\u003ctd\u003e\r\n\u003cp\u003e\u003cspan style=\"font-weight: 400;\"\u003eLab-Synthesized\u003c/span\u003e\u003c/p\u003e\r\n\u003c/td\u003e\r\n\u003ctd\u003e\r\n\u003cp\u003e\u003cspan style=\"font-weight: 400;\"\u003eBinding and Epilating Agent\u003c/span\u003e\u003c/p\u003e\r\n\u003c/td\u003e\r\n\u003c/tr\u003e\r\n\u003ctr\u003e\r\n\u003ctd\u003e\u003cbr /\u003e\r\n\u003cp\u003e\u003cspan style=\"font-weight: 400;\"\u003eEthylene/Propylene Copolymer\u003c/span\u003e\u003c/p\u003e\r\n\u003c/td\u003e\r\n\u003ctd\u003e\r\n\u003cp\u003e\u003cspan style=\"font-weight: 400;\"\u003eNatural\u003c/span\u003e\u003c/p\u003e\r\n\u003c/td\u003e\r\n\u003ctd\u003e\r\n\u003cp\u003e\u003cspan style=\"font-weight: 400;\"\u003eLab-Synthesized\u003c/span\u003e\u003c/p\u003e\r\n\u003c/td\u003e\r\n\u003ctd\u003e\r\n\u003cp\u003e\u003cspan style=\"font-weight: 400;\"\u003eTexture Enhancer\u003c/span\u003e\u003c/p\u003e\r\n\u003c/td\u003e\r\n\u003c/tr\u003e\r\n\u003ctr\u003e\r\n\u003ctd\u003e\u003cbr /\u003e\r\n\u003cp\u003e\u003cspan style=\"font-weight: 400;\"\u003eCopernicia Cerifera Cera\u003c/span\u003e\u003c/p\u003e\r\n\u003c/td\u003e\r\n\u003ctd\u003e\r\n\u003cp\u003e\u003cspan style=\"font-weight: 400;\"\u003eNatural\u003c/span\u003e\u003c/p\u003e\r\n\u003c/td\u003e\r\n\u003ctd\u003e\r\n\u003cp\u003e\u003cspan style=\"font-weight: 400;\"\u003ePlant-Based\u003c/span\u003e\u003c/p\u003e\r\n\u003c/td\u003e\r\n\u003ctd\u003e\r\n\u003cp\u003e\u003cspan style=\"font-weight: 400;\"\u003eEmollient\u003c/span\u003e\u003c/p\u003e\r\n\u003c/td\u003e\r\n\u003c/tr\u003e\r\n\u003ctr\u003e\r\n\u003ctd\u003e\u003cbr /\u003e\r\n\u003cp\u003e\u003cspan style=\"font-weight: 400;\"\u003eAscorbyl Palmitate\u003c/span\u003e\u003c/p\u003e\r\n\u003c/td\u003e\r\n\u003ctd\u003e\r\n\u003cp\u003e\u003cspan style=\"font-weight: 400;\"\u003eSynthetic\u003c/span\u003e\u003c/p\u003e\r\n\u003c/td\u003e\r\n\u003ctd\u003e\r\n\u003cp\u003e\u003cspan style=\"font-weight: 400;\"\u003eLab-Synthesized\u003c/span\u003e\u003c/p\u003e\r\n\u003c/td\u003e\r\n\u003ctd\u003e\u003cbr /\u003e\r\n\u003cp\u003e\u003cspan style=\"font-weight: 400;\"\u003eCollagen Stimulation and anti-Ageing\u003c/span\u003e\u003c/p\u003e\r\n\u003c/td\u003e\r\n\u003c/tr\u003e\r\n\u003ctr\u003e\r\n\u003ctd\u003e\u003cbr /\u003e\r\n\u003cp\u003e\u003cspan style=\"font-weight: 400;\"\u003eCaprylic/Capric Triglyceride\u003c/span\u003e\u003c/p\u003e\r\n\u003c/td\u003e\r\n\u003ctd\u003e\r\n\u003cp\u003e\u003cspan style=\"font-weight: 400;\"\u003eNatural\u003c/span\u003e\u003c/p\u003e\r\n\u003c/td\u003e\r\n\u003ctd\u003e\r\n\u003cp\u003e\u003cspan style=\"font-weight: 400;\"\u003ePlant-Based\u003c/span\u003e\u003c/p\u003e\r\n\u003c/td\u003e\r\n\u003ctd\u003e\r\n\u003cp\u003e\u003cspan style=\"font-weight: 400;\"\u003eNourishing\u003c/span\u003e\u003c/p\u003e\r\n\u003c/td\u003e\r\n\u003c/tr\u003e\r\n\u003ctr\u003e\r\n\u003ctd\u003e\u003cbr /\u003e\r\n\u003cp\u003e\u003cspan style=\"font-weight: 400;\"\u003eChamomile Extract \u003c/span\u003e\u003c/p\u003e\r\n\u003c/td\u003e\r\n\u003ctd\u003e\u003cbr /\u003e\r\n\u003cp\u003e\u003cspan style=\"font-weight: 400;\"\u003eNatural\u003c/span\u003e\u003c/p\u003e\r\n\u003c/td\u003e\r\n\u003ctd\u003e\u003cbr /\u003e\r\n\u003cp\u003e\u003cspan style=\"font-weight: 400;\"\u003eChamomile Plant\u003c/span\u003e\u003c/p\u003e\r\n\u003c/td\u003e\r\n\u003ctd\u003e\u003cbr /\u003e\r\n\u003cp\u003e\u003cspan style=\"font-weight: 400;\"\u003eAnti-Inflammatory, Anti-Fungal\u003c/span\u003e\u003c/p\u003e\r\n\u003c/td\u003e\r\n\u003c/tr\u003e\r\n\u003ctr\u003e\r\n\u003ctd\u003e\r\n\u003cp\u003e\u003cspan style=\"font-weight: 400;\"\u003ePentaerythrityl Tetra-Di-T-Butyl Hydroxyhydrocinnamate\u003c/span\u003e\u003c/p\u003e\r\n\u003c/td\u003e\r\n\u003ctd\u003e\u003cbr /\u003e\r\n\u003cp\u003e\u003cspan style=\"font-weight: 400;\"\u003eSynthetic\u003c/span\u003e\u003c/p\u003e\r\n\u003c/td\u003e\r\n\u003ctd\u003e\r\n\u003cp\u003e\u003cspan style=\"font-weight: 400;\"\u003eLab Synthesized\u003c/span\u003e\u003c/p\u003e\r\n\u003c/td\u003e\r\n\u003ctd\u003e\r\n\u003cp\u003e\u003cspan style=\"font-weight: 400;\"\u003eAntioxidant\u003c/span\u003e\u003c/p\u003e\r\n\u003c/td\u003e\r\n\u003c/tr\u003e\r\n\u003c/tbody\u003e\r\n\u003c/table\u003e"},{"attribute_code":"attribute_value_7","value":"\u003cdiv id=\"faqs\"\u003e\r\n\u003cp\u003eHow to use Mamaearth Charcoal Black Kajal?\u003c/p\u003e\r\n\u003cp\u003eHere are the directions to use Mamaearth Charcoal Black Kajal. Twist the stick twice and apply the kajal gliding it over your lower lash line and waterline. Repeat the process for the upper eyelid for better elevation. Build up the color for a bold and intense look. It works both for men and women.\u003c/p\u003e\r\n\u003cp\u003eIs Mamaearth Charcoal Black Long Stay Kajal suitable for all?\u003c/p\u003e\r\n\u003cp\u003eYes, Mamaearth Charcoal Black Long Stay Kajal is suitable for men and for women above the age of 15 years. It is waterproof and smudge-free too.\u003c/p\u003e\r\n\u003cp\u003eAre There Any Side Effects Of Using Mamaearth Eyeliner Pencil?\u003c/p\u003e\r\n\u003cp\u003eNo, there aren’t any visible side effects of Mamaearth Charcoal Black Longs Stay Kajal. It is a safe and natural product that co9mes enriched with chamomile and vitamin C.\u003c/p\u003e\r\n\u003cp\u003eIs Mamaearth Kajal Pencil Good For Eyes?\u003c/p\u003e\r\n\u003cp\u003eYes. Enriched with Vitamin C and Chamomile, Mamaearth Charcoal Black Long Stay Kajal will help in keeping the eyes protected. This waterproof charcoal black kajal stays smudge-free for 11 hours at a stretch.\u003c/p\u003e\r\n\u003cp\u003eWhat are the benefits of Mamaearth Charcoal Black Kajal pencil?\u003c/p\u003e\r\n\u003cp\u003eMamaearth Charcoal Black Long Stay Kajal pencil stays for up to 11 hours. It is smudge-free, waterproof, vegan, and MadeSafe Certified. This natural kajal pencil protects your eyes from infections and makes them radiant with the best of Vitamin C \u0026amp; Chamomile.\u003c/p\u003e\r\n\u003cp\u003eWhich age types can use Charcoal Black Kajal?\u003c/p\u003e\r\n\u003cp\u003eAs a waterproof and natural kajal pencil, Mamaearth Charcoal Black Stay Kajal is suited for everyone above the age of 15 years.\u003c/p\u003e\r\n\u003cp\u003eIs the Kajal Suitable for Sensitive Eyes?\u003c/p\u003e\r\n\u003cp\u003eYes. Mamaearth Charcoal Black Long Stay Kajal has soothing and nourishing ingredients that are suitable for sensitive and delicate eyes.\u003c/p\u003e\r\n\u003cp\u003eWill the Kajal Smudge if I Wash My Face?\u003c/p\u003e\r\n\u003cp\u003eMamaearth Charcoal Black Long Stay Kajal is smudge-proof \u0026amp; waterproof that stays upto 11 long hours.\u003c/p\u003e\r\n\u003cp\u003eHow Can We Remove The Kajal?\u003c/p\u003e\r\n\u003cp\u003eUse Mamaearth Micellar Water Foaming Makeup Remover to remove the kajal effectivel\u003c/p\u003e\r\n\u003cp\u003eI am 19 Years Old and New to Using Makeup. Is It Safe for My Eyes?\u003c/p\u003e\r\n\u003cp\u003eYes. Mamaearth Charcoal Black Long Stay Kajal is crafted with safe and natural ingredients, with no harmful chemicals, and completely safe for young adults. In addition, it is Ophthalmologically Tested, and Made Safe certified.\u003c/p\u003e\r\n\u003cp\u003eWhat Are The Benefits Of mamaearth Charcoal Black Kajal pencil?\u003c/p\u003e\r\n\u003cp\u003eMamaearth Charcoal Black Long Stay Kajal pencil stays as long as 11 hours, is smudge-free, waterproof, vegan and MadeSafe Certified. It protects your eyes from infections and makes them radiant with the nourishing qualities of Vitamin C \u0026amp; Chamomile.\u003c/p\u003e\r\n\u003cp\u003eIs Mamaearth Charcoal Black Long Stay Kajal Suitable For All?\u003c/p\u003e\r\n\u003cp\u003eYes. Mamaearth Charcoal Black Long Stay Kajal is suitable for both men and women above the age of 15 years.\u003c/p\u003e\r\n\u003cp\u003eWhat is the Mamaearth Kajal Pencil Price?\u003c/p\u003e\r\n\u003cp\u003eThe Mamaearth kajal price in India is Rs.299. The mamaearth charcoal kajal price is pocket friendly.\u003c/p\u003e\r\n\u003cp\u003eHow to apply kajal for big eyes?\u003c/p\u003e\r\n\u003cp\u003eIf you want to pull off that big-eye look, you should apply a kajal eye pencil to your lower lash line only. Lining the entire waterline will make your eyes look smaller. So, line only the outer corner of your eyes with a dark kajal for a bigger and more attractive look. You can also use a white color eye pencil to define your eyes better.\u003c/p\u003e\r\n\u003cp\u003eWhich eyeliner is best?\u003c/p\u003e\r\n\u003cp\u003eKajal stays on your eyes for a long time, so make sure you pick the one formulated with the safest possible ingredients for your eyes. Beauty professionals suggest using toxin-free cosmetic products for your eye makeup. We recommend Mamaearth’s MadeSafe-certified kajal eyeliner (called Charcoal Black Long Stay Kajal) to provide an 11-hour-long smudge-proof stay. It is toxin-free, dermatologically-tested, and meant to care for your precious eyes. Crafted with the goodness of Vitamin C, it also adds a hint of shine as Chamomile provides the requisite nourishment.\u003c/p\u003e\r\n\u003cp\u003eAre eyeliner and kajal the same?\u003c/p\u003e\r\n\u003cp\u003eNo. The main difference between kajal and eyeliner is the way they are used. Kajal is used as a waterline eye makeup in both upper and lower eyelids, whereas eyeliner is used on upper eyelids to give that dramatic effect to your eyes.\u003c/p\u003e\r\n\u003cp\u003eIs applying kajal good for the eyes?\u003c/p\u003e\r\n\u003cp\u003eKajal beautifies the appearance of your eyes and enhances your makeup look. This tradition was introduced to add moisture, cool your eyes, and protect you from evil eyes.\u003c/p\u003e\r\n\u003cp\u003eWhy do girls use kajal?\u003c/p\u003e\r\n\u003cp\u003eWearing a kajal is a part of makeup that helps to exaggerate natural features. And one of the best parts is they can brighten the shape and look of your facial features, regardless of your skin tone. In fact, since the times of Ancient Egypt, people have used kajal for cosmetic purposes, particularly in Africa, the Middle East, and the Indian subcontinent. It was introduced to make the eyes look beautiful and protect them from the harsh sun rays. Thus, the kajal protects the person wearing it from the evil eye or ‘Najar.’\u003c/p\u003e\r\n\u003cp\u003eDoes kajal cause dark circles?\u003c/p\u003e\r\n\u003cp\u003eNo, a good-quality eye pencil kajal does not cause dark circles. But using any ordinary product that smudges easily can darken up the existing dark circles and blemishes. So be mindful of the products you use on your eyes.\u003c/p\u003e\r\n\u003cp\u003eHow to apply kajal for small eyes?\u003c/p\u003e\r\n\u003cp\u003eTo create an illusion of bigger eyes, you may want to apply your kajal on both the upper and lower waterline. While black eyeliner defines your top lashes, a lighter hue on your lower lash line makes your eyes look more prominent and elongated. Apply a white kajal to the lower waterline and follow it up with a black kohl beneath the lower lash line.\u003c/p\u003e\r\n\u003cp\u003eWhich kajal is best for watery eyes?\u003c/p\u003e\r\n\u003cp\u003eChemically-laden eye products can irritate your eyes, making them appear watery. So, opt for Vegan and MadeSafe Certified eye makeup ranges for sensitive eyes. In this light, we recommend you try Mamaearth Charcoal Black Long Stay Kajal featuring Vitamin C and Chamomile. It is a smudge-proof formula that glides effortlessly for a glossy sheen and a rich color. The ingredients soothe your eyes and reduce irritation. It is India’s first MadeSafe Certified and Ophthalmologically tested eye makeup product, which contains no toxins or harmful chemicals.\u003c/p\u003e\r\n\u003c/div\u003e"},{"attribute_code":"special_price","value":null},{"attribute_code":"special_from_date","value":"2024-05-10 07:39:00"}],"hide_in_front":0,"image":"/1/_/1_1_.jpg","is_in_stock":true,"name":"Charcoal Black Long Stay Kajal with Vitamin C \u0026 Chamomile for 11-Hour Smudge-free Stay","position":"1","price":"299.00","product_card_tags":"11-Hour Long Stay | Smudge-Proof | Waterproof","review_count":254,"sku":"8906087776758","special_price":"","special_price_from_date":{"date":"2024-05-10 13:09:00","timezone_type":3,"timezone":"Asia/Kolkata"},"tags":"best-seller","url_key":"charcoal-black-long-stay-kajal-with-vitamin-c-chamomile","imageAltTags":["Kajal for eyes with Vitamin C \u0026 Chamomile\r\n","Mamaearth Charcoal Kajal","Waterproof Kajal\r\n","Black Long Stay Kajal","How To Use Mamaearth Kajal","Natural Kajal ","Kajal eyeliner pencil"],"product_subtitle_keys":["Buy 1 Get 1 FREE"," Kajal"," 11 hour stay"],"size":"1g","unitPrice":"299.00/g","old_productid":"608","generic_name":null},{"id":470,"tier_prices":[],"avg_rating_percent":95,"categories":[2,125,201,262,283,121,115,110,102,21,311,261,398,25,375],"configurable_option":{"attribute_id":208,"option_id":13,"attribute_label":"Lipsticks ","title":"Carnation Nude","swatch_data":{"swatch_id":9,"option_id":13,"store_id":0,"type":1,"value":"#ab484b"}},"created_at":"2022-02-04 10:29:13","custom_attributes":[{"attribute_code":"manufacturer","value":"Maxima Solutions, Plot No. 56, Sector – IIDC, SIDCUL Pantnagar-263153 Uttarakhand"},{"attribute_code":"meta_title","value":"Moisture Matte Long Stay Carnation Lipstick - 2g"},{"attribute_code":"meta_description","value":"Mamaearth’s Best Natural Lipsticks online. Choose from 13 shades for a perfect Matte finish. enriched with the natural goodness of Avocado Oil and Vitamin E."},{"attribute_code":"image","value":"/1/_/1_white_bg_74.jpg"},{"attribute_code":"small_image","value":"/1/_/1_white_bg_74.jpg"},{"attribute_code":"thumbnail","value":"/1/_/1_white_bg_74.jpg"},{"attribute_code":"options_container","value":"container2"},{"attribute_code":"country_of_manufacture","value":"IN"},{"attribute_code":"url_key","value":"moisture-matte-long-stay-lipsticks-2-g-carnation-nude"},{"attribute_code":"msrp_display_actual_price_type","value":"0"},{"attribute_code":"gift_message_available","value":"0"},{"attribute_code":"swatch_image","value":"/1/_/1_white_bg_74.jpg"},{"attribute_code":"attribute_label_1","value":"About Mamaearth Colorcare"},{"attribute_code":"attribute_label_2","value":"Key Ingredients"},{"attribute_code":"attribute_label_3","value":"How to Use"},{"attribute_code":"attribute_label_4","value":"Who can Use"},{"attribute_code":"attribute_label_5","value":"Why Mamaearth"},{"attribute_code":"attribute_label_6","value":"Ingredient List"},{"attribute_code":"attribute_label_7","value":"FAQs"},{"attribute_code":"attribute_label_8","value":"Clinical Claims"},{"attribute_code":"best_before","value":"30 Months"},{"attribute_code":"dimensions","value":"10*5*5"},{"attribute_code":"mrp","value":"599"},{"attribute_code":"old_productid","value":"657"},{"attribute_code":"tags","value":"best-seller"},{"attribute_code":"marketed_by","value":"Honasa Consumer Limited, 10th and 11th Floor, Capital Cyberscape, Sector 59, Gurugram, Haryana, 122101"},{"attribute_code":"live_url","value":"https://mamaearth.in/product/moisture-matte-long-stay-lipsticks-2-g-carnation-nude"},{"attribute_code":"license_no","value":"6/C/UA/2015"},{"attribute_code":"length","value":"10"},{"attribute_code":"google_category","value":"2915"},{"attribute_code":"cms_sequence","value":"1,2,3,4,5,6,7,8"},{"attribute_code":"width","value":"5"},{"attribute_code":"height","value":"5"},{"attribute_code":"breadcrumb_category","value":"201","title":"Lipstick Shades","url_key":"lipsticks"},{"attribute_code":"custom_product_type","value":"be_face"},{"attribute_code":"brand","value":"4"},{"attribute_code":"product_card_tags","value":"12-Hour Stay | 8-Hour Moisture Lock | Smudge-Proof"},{"attribute_code":"saving_scheme","value":"price_per_100_gm"},{"attribute_code":"product_subtitle_keys","value":"Buy 1 Get 1 FREE, Lipstick, Smudge proof"},{"attribute_code":"is_suitable_for_skin_type","value":"465","label":"normal"},{"attribute_code":"makeup_goals","value":"530,531","label":"Matte finish, Long-lasting"},{"attribute_code":"tax_class_id","value":"2"},{"attribute_code":"create_scarcity","value":"0"},{"attribute_code":"hide_product_infront","value":"0"},{"attribute_code":"lipsticks","value":"13"},{"attribute_code":"show_in_feed","value":"1"},{"attribute_code":"base_category","value":"88"},{"attribute_code":"base_sub_category","value":"77"},{"attribute_code":"show_price_per_unit","value":"1"},{"attribute_code":"volume","value":"2"},{"attribute_code":"enable_fbt_popup","value":"0"},{"attribute_code":"strikethrough","value":"1"},{"attribute_code":"meta_keyword","value":"Lipsticks,Nude Lipstick,Pink Lipstick,Lip Shades,Lip Color,Matte Lipsticks,Matte Color,Moisture Matte,Longstay Lipsticks,Longwear,Hydration,Moisturizing Lipsticks,Lip Tints,Lip Products"},{"attribute_code":"tag_keywords","value":"Lipsticks, Pink Lipstick,Lip Shades,Lip Color,Matte Lipsticks,Matte Color,Moisture Matte,Longstay Lipsticks,Longwear,Hydration,Moisturizing Lipsticks,Lip Tints,Lip Products"},{"attribute_code":"short_description","value":"\u003cp style=\"text-align: justify;\"\u003eFinding the right lipstick is like finding a BFF. We’ve made it easy! Meet your match - Mamaearth Moisture Matte Longstay Lipsticks are enriched with the natural goodness of Avocado Oil and Vitamin E. With a lightweight formula, the lipstick nourishes your lips and seals in the moisture for up to 8 hours. \u003cbr /\u003eTake your pick from 9 vibrant \u0026amp; high-intensity matte shades that stay on your lips for up to 12 hours, without smudging. That’s not all, they’re Made Safe Certified, which means no toxins and no nasties, just dollops of color and care. Go and say yes to the right one (or two)!   \u003c/p\u003e"},{"attribute_code":"attribute_value_2","value":"\u003cul class=\"woodmart-list\"\u003e\r\n\u003cli\u003e\r\n\u003cdiv class=\"list-icon\"\u003e\u003cimg src=\"https://images.mamaearth.in/wysiwyg/Moisture%20Matte%20Longstay%20Lipstick%20-%202g%20%20Citrus%20Nude/Carnation%20Nude%20Lipstick%20with%20Avocado%20oil1.jpg\" alt=\"Carnation Nude with Avocado oil\" width=\"163\" height=\"163\" /\u003e\u003c/div\u003e\r\n\u003cspan class=\"list-content\" style=\"text-align: justify;\"\u003e\u003cstrong\u003eAvocado oil: \u003c/strong\u003eIt moisturizes the lips and also provides antioxidant benefits \u003c/span\u003e\u003c/li\u003e\r\n\u003cli\u003e\r\n\u003cdiv class=\"list-icon\"\u003e\u003cimg src=\"https://images.mamaearth.in/wysiwyg/Moisture%20Matte%20Longstay%20Lipstick%20-%202g%20%20Citrus%20Nude/Carnation%20Nude%20Lipstick%20with%20Viatmin%20E1.jpg\" alt=\"Carnation Nude with Viatmin E\" width=\"163\" height=\"163\" /\u003e\u003c/div\u003e\r\n\u003cspan class=\"list-content\" style=\"text-align: justify;\"\u003e\u003cstrong\u003eVitamin E:\u003c/strong\u003eIt helps prevent pigmentation \u003c/span\u003e\u003c/li\u003e\r\n\u003c/ul\u003e"},{"attribute_code":"attribute_value_3","value":"\u003cul\u003e\r\n\u003cli\u003e\u003cspan class=\"list-content\"\u003e\u003cstrong\u003eStep 1 : \u003c/strong\u003eStart from the center of your upper lip and swipe outwards\u003c/span\u003e\u003c/li\u003e\r\n\u003cli\u003e\u003cspan class=\"list-content\"\u003e\u003cstrong\u003eStep 2 : \u003c/strong\u003eGlide on the lipstick on your bottom lip\u003c/span\u003e\u003c/li\u003e\r\n\u003c/ul\u003e"},{"attribute_code":"attribute_value_4","value":"\u003cul style=\"list-style: disc; padding-left: 1em;\"\u003e\r\n\u003cli\u003e\u003cspan class=\"list-content\"\u003eMoisture Matte Longstay Lipsticks are suitable for all skin types\u003c/span\u003e\u003c/li\u003e\r\n\u003cli\u003e\u003cspan class=\"list-content\"\u003eEveryone above the age of 18 years can use the lipsticks\u003c/span\u003e\u003c/li\u003e\r\n\u003c/ul\u003e"},{"attribute_code":"attribute_value_5","value":"\u003cul class=\"compare-list\"\u003e\r\n\u003cli\u003e\r\n\u003cdiv class=\"compare-img\"\u003e \u003c/div\u003e\r\n\u003cdiv class=\"compare-content\"\u003e\r\n\u003cul\u003e\r\n\u003cli\u003e12 Hour Long Stay\u003c/li\u003e\r\n\u003cli\u003e8-Hour Moisture Lock\u003c/li\u003e\r\n\u003cli\u003eSmudge-Proof\u003c/li\u003e\r\n\u003cli\u003eComfortable \u0026amp; Non-Drying Formula\u003c/li\u003e\r\n\u003cli\u003eMade Safe Certified\u003c/li\u003e\r\n\u003cli\u003eToxin-Free\u003c/li\u003e\r\n\u003cli\u003eSuitable for All Skin Types\u003c/li\u003e\r\n\u003cli\u003eCruelty-Free\u003c/li\u003e\r\n\u003c/ul\u003e\r\n\u003c/div\u003e\r\n\u003c/li\u003e\r\n\u003cli\u003e\r\n\u003cdiv class=\"compare-img\"\u003e \u003c/div\u003e\r\n\u003cdiv class=\"compare-content\"\u003e\r\n\u003cul\u003e\r\n\u003cli\u003e2-3 Hours Staying Power\u003c/li\u003e\r\n\u003cli\u003eNot Moisturizing Enough\u003c/li\u003e\r\n\u003cli\u003eNot Smudge-Proof\u003c/li\u003e\r\n\u003cli\u003eUncomfortable \u0026amp; Too Drying\u003c/li\u003e\r\n\u003cli\u003eNot Made Safe Certified\u003c/li\u003e\r\n\u003cli\u003eContain Toxins\u003c/li\u003e\r\n\u003cli\u003eNot Suitable for All Skin Types\u003c/li\u003e\r\n\u003cli\u003eNot Cruelty-Free\u003c/li\u003e\r\n\u003c/ul\u003e\r\n\u003c/div\u003e\r\n\u003c/li\u003e\r\n\u003c/ul\u003e"},{"attribute_code":"attribute_value_6","value":"\u003ctable\u003e\r\n\u003ctbody\u003e\r\n\u003ctr\u003e\r\n\u003ctd\u003e\r\n\u003cp\u003e\u003cstrong\u003eIngredients\u003c/strong\u003e\u003c/p\u003e\r\n\u003c/td\u003e\r\n\u003ctd\u003e\r\n\u003cp\u003e\u003cstrong\u003eType\u003c/strong\u003e\u003c/p\u003e\r\n\u003c/td\u003e\r\n\u003ctd\u003e\r\n\u003cp\u003e\u003cstrong\u003eWhere It Comes From?\u003c/strong\u003e\u003c/p\u003e\r\n\u003c/td\u003e\r\n\u003ctd\u003e\r\n\u003cp\u003e\u003cstrong\u003eHow It Helps?\u003c/strong\u003e\u003c/p\u003e\r\n\u003c/td\u003e\r\n\u003c/tr\u003e\r\n\u003ctr\u003e\r\n\u003ctd\u003e\r\n\u003cp\u003eCyclopentasiloxane\u003c/p\u003e\r\n\u003c/td\u003e\r\n\u003ctd\u003e\r\n\u003cp\u003eSynthetic\u003c/p\u003e\r\n\u003c/td\u003e\r\n\u003ctd\u003e\r\n\u003cp\u003eLab-Synthesized\u003c/p\u003e\r\n\u003c/td\u003e\r\n\u003ctd\u003e\r\n\u003cp\u003eTexture Enhancer\u003c/p\u003e\r\n\u003c/td\u003e\r\n\u003c/tr\u003e\r\n\u003ctr\u003e\r\n\u003ctd\u003e\r\n\u003cp\u003eDimethicone/Vinyl Dimethicone Crosspolymer\u003c/p\u003e\r\n\u003c/td\u003e\r\n\u003ctd\u003e\r\n\u003cp\u003eSynthetic\u003c/p\u003e\r\n\u003c/td\u003e\r\n\u003ctd\u003e\r\n\u003cp\u003eLab-Synthesized\u003c/p\u003e\r\n\u003c/td\u003e\r\n\u003ctd\u003e\r\n\u003cp\u003eSkin Conditioning Agent\u003c/p\u003e\r\n\u003c/td\u003e\r\n\u003c/tr\u003e\r\n\u003ctr\u003e\r\n\u003ctd\u003e\r\n\u003cp\u003eTrioctyldodecyl Citrate\u003c/p\u003e\r\n\u003c/td\u003e\r\n\u003ctd\u003e\r\n\u003cp\u003eNatural\u003c/p\u003e\r\n\u003c/td\u003e\r\n\u003ctd\u003e\r\n\u003cp\u003eCitric Acid\u003c/p\u003e\r\n\u003c/td\u003e\r\n\u003ctd\u003e\r\n\u003cp\u003eSkin Conditioning Agent\u003c/p\u003e\r\n\u003c/td\u003e\r\n\u003c/tr\u003e\r\n\u003ctr\u003e\r\n\u003ctd\u003e\r\n\u003cp\u003eIsononyl Neopentanoate\u003c/p\u003e\r\n\u003c/td\u003e\r\n\u003ctd\u003e\r\n\u003cp\u003eNatural\u003c/p\u003e\r\n\u003c/td\u003e\r\n\u003ctd\u003e\r\n\u003cp\u003ePlant-Based\u003c/p\u003e\r\n\u003c/td\u003e\r\n\u003ctd\u003e\r\n\u003cp\u003eEmollient\u003c/p\u003e\r\n\u003c/td\u003e\r\n\u003c/tr\u003e\r\n\u003ctr\u003e\r\n\u003ctd\u003e\r\n\u003cp\u003eEuphorbia Cerifera (Candelilla) Wax\u003c/p\u003e\r\n\u003cp\u003e \u003c/p\u003e\r\n\u003c/td\u003e\r\n\u003ctd\u003e\r\n\u003cp\u003eNatural \u003c/p\u003e\r\n\u003c/td\u003e\r\n\u003ctd\u003e\r\n\u003cp\u003ePlant-Based\u003c/p\u003e\r\n\u003c/td\u003e\r\n\u003ctd\u003e\r\n\u003cp\u003eSkin Conditioning Agent\u003c/p\u003e\r\n\u003c/td\u003e\r\n\u003c/tr\u003e\r\n\u003ctr\u003e\r\n\u003ctd\u003e\r\n\u003cp\u003eHydrogenated Polyisobutene\u003c/p\u003e\r\n\u003cbr /\u003e\u003cbr /\u003e\u003c/td\u003e\r\n\u003ctd\u003e\r\n\u003cp\u003eSynthetic\u003c/p\u003e\r\n\u003c/td\u003e\r\n\u003ctd\u003e\r\n\u003cp\u003eLab-Synthesized\u003c/p\u003e\r\n\u003c/td\u003e\r\n\u003ctd\u003e\r\n\u003cp\u003eEmollient\u003c/p\u003e\r\n\u003c/td\u003e\r\n\u003c/tr\u003e\r\n\u003ctr\u003e\r\n\u003ctd\u003e\r\n\u003cp\u003eSilica\u003c/p\u003e\r\n\u003c/td\u003e\r\n\u003ctd\u003e\r\n\u003cp\u003eSynthetic\u003c/p\u003e\r\n\u003c/td\u003e\r\n\u003ctd\u003e\r\n\u003cp\u003eLab-Synthesized\u003c/p\u003e\r\n\u003c/td\u003e\r\n\u003ctd\u003e\r\n\u003cp\u003eTexture Enhancer\u003c/p\u003e\r\n\u003c/td\u003e\r\n\u003c/tr\u003e\r\n\u003ctr\u003e\r\n\u003ctd\u003e\r\n\u003cp\u003eOzokerite Wax\u003c/p\u003e\r\n\u003c/td\u003e\r\n\u003ctd\u003e\r\n\u003cp\u003eNatural\u003c/p\u003e\r\n\u003c/td\u003e\r\n\u003ctd\u003e\r\n\u003cp\u003eParaffin\u003c/p\u003e\r\n\u003c/td\u003e\r\n\u003ctd\u003e\r\n\u003cp\u003eTexture Enhancer\u003c/p\u003e\r\n\u003c/td\u003e\r\n\u003c/tr\u003e\r\n\u003ctr\u003e\r\n\u003ctd\u003e\r\n\u003cp\u003eEthylhexyl Palmitate\u003c/p\u003e\r\n\u003cp\u003e \u003c/p\u003e\r\n\u003c/td\u003e\r\n\u003ctd\u003e\r\n\u003cp\u003eNatural\u003c/p\u003e\r\n\u003c/td\u003e\r\n\u003ctd\u003e\r\n\u003cp\u003ePalm Oil\u003c/p\u003e\r\n\u003c/td\u003e\r\n\u003ctd\u003e\r\n\u003cp\u003eEmollient\u003c/p\u003e\r\n\u003c/td\u003e\r\n\u003c/tr\u003e\r\n\u003ctr\u003e\r\n\u003ctd\u003e\r\n\u003cp\u003eOctyldodecanol\u003c/p\u003e\r\n\u003c/td\u003e\r\n\u003ctd\u003e\r\n\u003cp\u003eNatural\u003c/p\u003e\r\n\u003c/td\u003e\r\n\u003ctd\u003e\r\n\u003cp\u003eVegetable Oil\u003c/p\u003e\r\n\u003c/td\u003e\r\n\u003ctd\u003e\r\n\u003cp\u003eStabilizer\u003c/p\u003e\r\n\u003c/td\u003e\r\n\u003c/tr\u003e\r\n\u003ctr\u003e\r\n\u003ctd\u003e\r\n\u003cp\u003eCopernicia Cerifera (Carnauba) Wax\u003c/p\u003e\r\n\u003c/td\u003e\r\n\u003ctd\u003e\r\n\u003cp\u003eNatural\u003c/p\u003e\r\n\u003c/td\u003e\r\n\u003ctd\u003e\r\n\u003cp\u003ePlant-Based\u003c/p\u003e\r\n\u003c/td\u003e\r\n\u003ctd\u003e\r\n\u003cp\u003eTexture Enhancer\u003c/p\u003e\r\n\u003c/td\u003e\r\n\u003c/tr\u003e\r\n\u003ctr\u003e\r\n\u003ctd\u003e\r\n\u003cp\u003eMicrocrystalline Wax\u003c/p\u003e\r\n\u003cp\u003e \u003c/p\u003e\r\n\u003c/td\u003e\r\n\u003ctd\u003e\r\n\u003cp\u003eNatural\u003c/p\u003e\r\n\u003c/td\u003e\r\n\u003ctd\u003e\r\n\u003cp\u003ePetroleum-Based\u003c/p\u003e\r\n\u003c/td\u003e\r\n\u003ctd\u003e\r\n\u003cp\u003eThickener\u003c/p\u003e\r\n\u003c/td\u003e\r\n\u003c/tr\u003e\r\n\u003ctr\u003e\r\n\u003ctd\u003e\r\n\u003cp\u003eDisteardimonium Hectorite \u003c/p\u003e\r\n\u003c/td\u003e\r\n\u003ctd\u003e\r\n\u003cp\u003eNatural\u003c/p\u003e\r\n\u003c/td\u003e\r\n\u003ctd\u003e\r\n\u003cp\u003eMineral-Based\u003c/p\u003e\r\n\u003c/td\u003e\r\n\u003ctd\u003e\r\n\u003cp\u003eThickening Agent\u003c/p\u003e\r\n\u003c/td\u003e\r\n\u003c/tr\u003e\r\n\u003ctr\u003e\r\n\u003ctd\u003e\r\n\u003cp\u003ePropylene Carbonate\u003c/p\u003e\r\n\u003cp\u003e \u003c/p\u003e\r\n\u003c/td\u003e\r\n\u003ctd\u003e\r\n\u003cp\u003eSynthetic\u003c/p\u003e\r\n\u003c/td\u003e\r\n\u003ctd\u003e\r\n\u003cp\u003eLab-Synthesized\u003c/p\u003e\r\n\u003c/td\u003e\r\n\u003ctd\u003e\r\n\u003cp\u003eSolvent\u003c/p\u003e\r\n\u003c/td\u003e\r\n\u003c/tr\u003e\r\n\u003ctr\u003e\r\n\u003ctd\u003e\r\n\u003cp\u003eEthylhexyl Methoxycinnamate\u003c/p\u003e\r\n\u003c/td\u003e\r\n\u003ctd\u003e\r\n\u003cp\u003eSynthetic\u003c/p\u003e\r\n\u003c/td\u003e\r\n\u003ctd\u003e\r\n\u003cp\u003eLab-Synthesized\u003c/p\u003e\r\n\u003c/td\u003e\r\n\u003ctd\u003e\r\n\u003cp\u003eUV Filter\u003c/p\u003e\r\n\u003c/td\u003e\r\n\u003c/tr\u003e\r\n\u003ctr\u003e\r\n\u003ctd\u003e\r\n\u003cp\u003eSimmondsia Chinensis (Jojoba) Seed Oil\u003c/p\u003e\r\n\u003c/td\u003e\r\n\u003ctd\u003e\r\n\u003cp\u003eNatural\u003c/p\u003e\r\n\u003c/td\u003e\r\n\u003ctd\u003e\r\n\u003cp\u003ePlant-Based\u003c/p\u003e\r\n\u003c/td\u003e\r\n\u003ctd\u003e\r\n\u003cp\u003eMoisturization\u003c/p\u003e\r\n\u003c/td\u003e\r\n\u003c/tr\u003e\r\n\u003ctr\u003e\r\n\u003ctd\u003e\r\n\u003cp\u003ePersea Gratissima (Avocado) Oil\u003c/p\u003e\r\n\u003c/td\u003e\r\n\u003ctd\u003e\r\n\u003cp\u003eNatural\u003c/p\u003e\r\n\u003c/td\u003e\r\n\u003ctd\u003e\r\n\u003cp\u003ePlant-Based\u003c/p\u003e\r\n\u003c/td\u003e\r\n\u003ctd\u003e\r\n\u003cp\u003eSkin Conditioning Agent\u003c/p\u003e\r\n\u003c/td\u003e\r\n\u003c/tr\u003e\r\n\u003ctr\u003e\r\n\u003ctd\u003e\r\n\u003cp\u003eTocopheryl Acetate\u003c/p\u003e\r\n\u003c/td\u003e\r\n\u003ctd\u003e\r\n\u003cp\u003eNatural\u003c/p\u003e\r\n\u003c/td\u003e\r\n\u003ctd\u003e\r\n\u003cp\u003ePlant-Based\u003c/p\u003e\r\n\u003c/td\u003e\r\n\u003ctd\u003e\r\n\u003cp\u003eAntioxidant\u003c/p\u003e\r\n\u003c/td\u003e\r\n\u003c/tr\u003e\r\n\u003ctr\u003e\r\n\u003ctd\u003e\r\n\u003cp\u003ePolyethylene Wax\u003c/p\u003e\r\n\u003c/td\u003e\r\n\u003ctd\u003e\r\n\u003cp\u003eSynthetic\u003c/p\u003e\r\n\u003c/td\u003e\r\n\u003ctd\u003e\r\n\u003cp\u003eLab-Synthesized\u003c/p\u003e\r\n\u003c/td\u003e\r\n\u003ctd\u003e\r\n\u003cp\u003eThickening Agent\u003c/p\u003e\r\n\u003c/td\u003e\r\n\u003c/tr\u003e\r\n\u003ctr\u003e\r\n\u003ctd\u003e\r\n\u003cp\u003ePhenoxyethanol \u003c/p\u003e\r\n\u003c/td\u003e\r\n\u003ctd\u003e\r\n\u003cp\u003eSynthetic\u003c/p\u003e\r\n\u003c/td\u003e\r\n\u003ctd\u003e\r\n\u003cp\u003eLab-Synthesized\u003c/p\u003e\r\n\u003c/td\u003e\r\n\u003ctd\u003e\r\n\u003cp\u003eSolvent\u003c/p\u003e\r\n\u003c/td\u003e\r\n\u003c/tr\u003e\r\n\u003ctr\u003e\r\n\u003ctd\u003e\r\n\u003cp\u003ePerfume\u003c/p\u003e\r\n\u003c/td\u003e\r\n\u003ctd\u003e\r\n\u003cp\u003eSynthetic\u003c/p\u003e\r\n\u003c/td\u003e\r\n\u003ctd\u003e\r\n\u003cp\u003eLab-Synthesized\u003c/p\u003e\r\n\u003c/td\u003e\r\n\u003ctd\u003e\r\n\u003cp\u003eFragrance\u003c/p\u003e\r\n\u003c/td\u003e\r\n\u003c/tr\u003e\r\n\u003ctr\u003e\r\n\u003ctd\u003e\r\n\u003cp\u003ePrunus Amygdalus Dulcis (Sweet Almond) Oil\u003c/p\u003e\r\n\u003c/td\u003e\r\n\u003ctd\u003e\r\n\u003cp\u003eNatural\u003c/p\u003e\r\n\u003c/td\u003e\r\n\u003ctd\u003e\r\n\u003cp\u003ePlant-Based\u003c/p\u003e\r\n\u003c/td\u003e\r\n\u003ctd\u003e\r\n\u003cp\u003eMoisturizer\u003c/p\u003e\r\n\u003c/td\u003e\r\n\u003c/tr\u003e\r\n\u003ctr\u003e\r\n\u003ctd\u003e\r\n\u003cp\u003eCalcium Aluminum Borosilicate\u003c/p\u003e\r\n\u003c/td\u003e\r\n\u003ctd\u003e\r\n\u003cp\u003eSynthetic\u003c/p\u003e\r\n\u003c/td\u003e\r\n\u003ctd\u003e\r\n\u003cp\u003eLab-Synthesized\u003c/p\u003e\r\n\u003c/td\u003e\r\n\u003ctd\u003e\r\n\u003cp\u003eThickening Agent\u003c/p\u003e\r\n\u003c/td\u003e\r\n\u003c/tr\u003e\r\n\u003ctr\u003e\r\n\u003ctd\u003e\r\n\u003cp\u003eD\u0026amp;C Red 7 Ca Lake (CI 15850:1)\u003c/p\u003e\r\n\u003c/td\u003e\r\n\u003ctd\u003e\r\n\u003cp\u003eSynthetic\u003c/p\u003e\r\n\u003c/td\u003e\r\n\u003ctd\u003e\r\n\u003cp\u003eLab-Synthesized\u003c/p\u003e\r\n\u003c/td\u003e\r\n\u003ctd\u003e\r\n\u003cp\u003ePigment\u003c/p\u003e\r\n\u003c/td\u003e\r\n\u003c/tr\u003e\r\n\u003ctr\u003e\r\n\u003ctd\u003e\r\n\u003cp\u003eRed Iron Oxide (CI 77491)\u003c/p\u003e\r\n\u003c/td\u003e\r\n\u003ctd\u003e\r\n\u003cp\u003eSynthetic\u003c/p\u003e\r\n\u003c/td\u003e\r\n\u003ctd\u003e\r\n\u003cp\u003eLab-Synthesized\u003c/p\u003e\r\n\u003c/td\u003e\r\n\u003ctd\u003e\r\n\u003cp\u003ePigment\u003c/p\u003e\r\n\u003c/td\u003e\r\n\u003c/tr\u003e\r\n\u003ctr\u003e\r\n\u003ctd\u003e\r\n\u003cp\u003eBlack Iron Oxide (CI 77499)\u003c/p\u003e\r\n\u003c/td\u003e\r\n\u003ctd\u003e\r\n\u003cp\u003eSynthetic\u003c/p\u003e\r\n\u003c/td\u003e\r\n\u003ctd\u003e\r\n\u003cp\u003eLab-Synthesized\u003c/p\u003e\r\n\u003c/td\u003e\r\n\u003ctd\u003e\r\n\u003cp\u003ePigment\u003c/p\u003e\r\n\u003c/td\u003e\r\n\u003c/tr\u003e\r\n\u003ctr\u003e\r\n\u003ctd\u003e\r\n\u003cp\u003eYellow Iron Oxide  (CI 77492)\u003c/p\u003e\r\n\u003c/td\u003e\r\n\u003ctd\u003e\r\n\u003cp\u003eSynthetic\u003c/p\u003e\r\n\u003c/td\u003e\r\n\u003ctd\u003e\r\n\u003cp\u003eLab-Synthesized\u003c/p\u003e\r\n\u003c/td\u003e\r\n\u003ctd\u003e\r\n\u003cp\u003ePigment\u003c/p\u003e\r\n\u003c/td\u003e\r\n\u003c/tr\u003e\r\n\u003ctr\u003e\r\n\u003ctd\u003e\r\n\u003cp\u003eD\u0026amp;C Red 21(CI 45380:3)\u003c/p\u003e\r\n\u003c/td\u003e\r\n\u003ctd\u003e\r\n\u003cp\u003eSynthetic\u003c/p\u003e\r\n\u003c/td\u003e\r\n\u003ctd\u003e\r\n\u003cp\u003eLab-Synthesized\u003c/p\u003e\r\n\u003c/td\u003e\r\n\u003ctd\u003e\r\n\u003cp\u003ePigment\u003c/p\u003e\r\n\u003c/td\u003e\r\n\u003c/tr\u003e\r\n\u003ctr\u003e\r\n\u003ctd\u003e\r\n\u003cp\u003eViolet Mango (CI 77742)\u003c/p\u003e\r\n\u003c/td\u003e\r\n\u003ctd\u003e\r\n\u003cp\u003eSynthetic\u003c/p\u003e\r\n\u003c/td\u003e\r\n\u003ctd\u003e\r\n\u003cp\u003eLab-Synthesized\u003c/p\u003e\r\n\u003c/td\u003e\r\n\u003ctd\u003e\r\n\u003cp\u003ePigment\u003c/p\u003e\r\n\u003c/td\u003e\r\n\u003c/tr\u003e\r\n\u003ctr\u003e\r\n\u003ctd\u003e\r\n\u003cp\u003eCosmetic brown (CI 77499/4791/77492/77891)\u003c/p\u003e\r\n\u003cbr /\u003e\u003cbr /\u003e\u003c/td\u003e\r\n\u003ctd\u003e\r\n\u003cp\u003eSynthetic\u003c/p\u003e\r\n\u003c/td\u003e\r\n\u003ctd\u003e\r\n\u003cp\u003eLab-Synthesized\u003c/p\u003e\r\n\u003c/td\u003e\r\n\u003ctd\u003e\r\n\u003cp\u003ePigment\u003c/p\u003e\r\n\u003c/td\u003e\r\n\u003c/tr\u003e\r\n\u003ctr\u003e\r\n\u003ctd\u003e\r\n\u003cp\u003eFD\u0026amp;C blue1AL Lake (CI 42090:2)\u003c/p\u003e\r\n\u003c/td\u003e\r\n\u003ctd\u003e\r\n\u003cp\u003eSynthetic\u003c/p\u003e\r\n\u003c/td\u003e\r\n\u003ctd\u003e\r\n\u003cp\u003eLab-Synthesized\u003c/p\u003e\r\n\u003c/td\u003e\r\n\u003ctd\u003e\r\n\u003cp\u003ePigment\u003c/p\u003e\r\n\u003c/td\u003e\r\n\u003c/tr\u003e\r\n\u003ctr\u003e\r\n\u003ctd\u003e\r\n\u003cp\u003eCosmetic Oxide Red (CI 77491)\u003c/p\u003e\r\n\u003c/td\u003e\r\n\u003ctd\u003e\r\n\u003cp\u003eSynthetic\u003c/p\u003e\r\n\u003c/td\u003e\r\n\u003ctd\u003e\r\n\u003cp\u003eLab-Synthesized\u003c/p\u003e\r\n\u003c/td\u003e\r\n\u003ctd\u003e\r\n\u003cp\u003ePigment\u003c/p\u003e\r\n\u003c/td\u003e\r\n\u003c/tr\u003e\r\n\u003ctr\u003e\r\n\u003ctd\u003e\r\n\u003cp\u003eRed 6 AL Lake (15850 :2)\u003c/p\u003e\r\n\u003cbr /\u003e\u003cbr /\u003e\u003c/td\u003e\r\n\u003ctd\u003e\r\n\u003cp\u003eSynthetic\u003c/p\u003e\r\n\u003c/td\u003e\r\n\u003ctd\u003e\r\n\u003cp\u003eLab-Synthesized\u003c/p\u003e\r\n\u003c/td\u003e\r\n\u003ctd\u003e\r\n\u003cp\u003ePigment\u003c/p\u003e\r\n\u003c/td\u003e\r\n\u003c/tr\u003e\r\n\u003ctr\u003e\r\n\u003ctd\u003e\r\n\u003cp\u003eMica (77019)\u003c/p\u003e\r\n\u003c/td\u003e\r\n\u003ctd\u003e\r\n\u003cp\u003eSynthetic\u003c/p\u003e\r\n\u003c/td\u003e\r\n\u003ctd\u003e\r\n\u003cp\u003eLab-Synthesized\u003c/p\u003e\r\n\u003c/td\u003e\r\n\u003ctd\u003e\r\n\u003cp\u003ePigment\u003c/p\u003e\r\n\u003c/td\u003e\r\n\u003c/tr\u003e\r\n\u003ctr\u003e\r\n\u003ctd\u003e\r\n\u003cp\u003eTitanium dioxide (CI 77891)\u003c/p\u003e\r\n\u003c/td\u003e\r\n\u003ctd\u003e\r\n\u003cp\u003eSynthetic\u003c/p\u003e\r\n\u003c/td\u003e\r\n\u003ctd\u003e\r\n\u003cp\u003eLab-Synthesized\u003c/p\u003e\r\n\u003c/td\u003e\r\n\u003ctd\u003e\r\n\u003cp\u003ePigment\u003c/p\u003e\r\n\u003c/td\u003e\r\n\u003c/tr\u003e\r\n\u003ctr\u003e\r\n\u003ctd\u003e\r\n\u003cp\u003eFD\u0026amp;C Yellow 5 AL Lake (19140)\u003c/p\u003e\r\n\u003cbr /\u003e\u003cbr /\u003e\u003c/td\u003e\r\n\u003ctd\u003e\r\n\u003cp\u003eSynthetic\u003c/p\u003e\r\n\u003c/td\u003e\r\n\u003ctd\u003e\r\n\u003cp\u003eLab-Synthesized\u003c/p\u003e\r\n\u003c/td\u003e\r\n\u003ctd\u003e\r\n\u003cp\u003ePigment\u003c/p\u003e\r\n\u003c/td\u003e\r\n\u003c/tr\u003e\r\n\u003ctr\u003e\r\n\u003ctd\u003e\r\n\u003cp\u003eD\u0026amp;C Red 27 AL Lake (CI 45410)\u003c/p\u003e\r\n\u003c/td\u003e\r\n\u003ctd\u003e\r\n\u003cp\u003eSynthetic\u003c/p\u003e\r\n\u003c/td\u003e\r\n\u003ctd\u003e\r\n\u003cp\u003eLab-Synthesized\u003c/p\u003e\r\n\u003c/td\u003e\r\n\u003ctd\u003e\r\n\u003cp\u003ePigment\u003c/p\u003e\r\n\u003c/td\u003e\r\n\u003c/tr\u003e\r\n\u003ctr\u003e\r\n\u003ctd\u003e\r\n\u003cp\u003eD\u0026amp;C Red 33 AL Lake (17200)\u003c/p\u003e\r\n\u003c/td\u003e\r\n\u003ctd\u003e\r\n\u003cp\u003eSynthetic\u003c/p\u003e\r\n\u003c/td\u003e\r\n\u003ctd\u003e\r\n\u003cp\u003eLab-Synthesized\u003c/p\u003e\r\n\u003c/td\u003e\r\n\u003ctd\u003e\r\n\u003cp\u003ePigment\u003c/p\u003e\r\n\u003c/td\u003e\r\n\u003c/tr\u003e\r\n\u003c/tbody\u003e\r\n\u003c/table\u003e"},{"attribute_code":"attribute_value_8","value":"\u003cdiv class=\"html\"\u003e\r\n\u003cul\u003e\r\n\u003cli style=\"list-style-type: none;\"\u003e\r\n\u003cul style=\"list-style: disc; padding-left: 1em;\"\u003e\r\n\u003cli\u003e\u003cspan class=\"list-content\"\u003e100% enjoyed the high-definition matte color* \u003c/span\u003e\u003c/li\u003e\r\n\u003cli\u003e\u003cspan class=\"list-content\"\u003e100% reported that the lipstick lasted for up to 12 hours*\u003c/span\u003e\u003c/li\u003e\r\n\u003cli\u003e\u003cspan class=\"list-content\"\u003e100% reported that the lipstick was smudge-proof*\u003c/span\u003e\u003c/li\u003e\r\n\u003cli\u003e\u003cspan class=\"list-content\"\u003e93.3% experienced soft \u0026amp; supple lips post application for up to 8 hours*\u003c/span\u003e\u003c/li\u003e\r\n\u003cli\u003e\u003cspan class=\"list-content\"\u003e76.67% reported that their lips stayed moisturized up to 8 hours*\u003c/span\u003e\u003c/li\u003e\r\n\u003cli\u003e\u003cspan class=\"list-content\"\u003e100% reported that there was no need for touch-ups* \u003c/span\u003e\u003c/li\u003e\r\n\u003cli\u003e\u003cspan class=\"list-content\"\u003e100% found the lipstick to be light \u0026amp; comfortable*\u003c/span\u003e\u003c/li\u003e\r\n\u003c/ul\u003e\r\n\u003c/li\u003e\r\n\u003c/ul\u003e\r\n\u003c/div\u003e"},{"attribute_code":"attribute_value_1","value":"\u003cdiv class=\"list-banner\"\u003e\u003cimg src=\"https://images.mamaearth.in/wysiwyg/mm_new_lipsticks_aplus.jpg?format=auto\" alt=\"Moisture Matte Lipstick\" width=\"900\" height=\"2000\" /\u003e\r\n\u003cp style=\"text-align: center;\"\u003eMoisture Matte Lipstick\u003c/p\u003e\r\n\u003c/div\u003e"},{"attribute_code":"attribute_value_7","value":"\u003cdiv id=\"faqs\"\u003e\r\n\u003cp\u003eWhat is Mamaearth Carnation lipstick?\u003c/p\u003e\r\n\u003cp\u003eCarnation lipsticks are lipsticks with shades similar to the skin’s tone or the natural color of the lips. They are perfect for a more natural or no-makeup look, as it makes you look like you are not wearing any makeup.\u003c/p\u003e\r\n\u003cp\u003eHow to apply Mamaearth Carnation lipstick?\u003c/p\u003e\r\n\u003cp\u003eBefore putting on lipstick, prep your lips by applying a thin layer of moisturizer.Colors are usually light, so your natural lip color can show through them. So wear a thin layer of foundation to make a base for the lipstick. Next, use a lip liner to outline your lips to give a definite and clear shape. Then apply the lipstick on the center of your upper lip, just below the Cupid’s bow. Now swipe the lipstick across your upper lip from the center to both corners till the entire lip is covered. Repeat this process for the bottom lips.\u003c/p\u003e\r\n\u003cp\u003eHow to choose Mamaearth lipstick?\u003c/p\u003e\r\n\u003cp\u003eAlways choose Mamaearth lipstick according to your skin tone. If you have a brighter skin tone, lighter shades will work best for you. People with neutral or medium skin tones should go for peach-based shades, while brown lipsticks work best for darker or skin complexions.\u003c/p\u003e\r\n\u003c/div\u003e"},{"attribute_code":"special_price","value":null},{"attribute_code":"special_from_date","value":"2023-10-26 11:30:00"}],"hide_in_front":0,"image":"/1/_/1_white_bg_74.jpg","is_in_stock":true,"name":"Moisture Matte Long Stay Lipstick - 2g | Carnation Nude","position":"2","price":"599.00","product_card_tags":"12-Hour Stay | 8-Hour Moisture Lock | Smudge-Proof","review_count":102,"siblings":[{"id":471,"sku":"8906087777786","name":"Moisture Matte Long Stay Lipstick - 2g | Plum Punch","url_key":"moisture-matte-long-stay-lipsticks-2-g-plum-punch","price":"599.00","is_in_stock":true,"custom_attributes":[{"attribute_code":"saving_scheme","value":"price_per_100_gm"},{"attribute_code":"volume","value":"2"}],"special_price":"","parent_id":469,"attribute_id":208,"option_id":14,"parent_sku":"1234567890","attribute_label":"Lipsticks ","title":"Plum Punch","swatch_data":{"swatch_id":10,"option_id":14,"store_id":0,"type":1,"value":"#7a323e"},"special_from_date":{"date":"2023-10-26 17:00:00","timezone_type":3,"timezone":"Asia/Kolkata"}},{"id":472,"sku":"8906087777793","name":"Moisture Matte Long Stay Lipstick - 2g | Candyfloss Pink","url_key":"moisture-matte-long-stay-lipsticks-2-g-candyfloss-pink","price":"599.00","is_in_stock":true,"custom_attributes":[{"attribute_code":"saving_scheme","value":"price_per_100_gm"},{"attribute_code":"volume","value":"2"}],"special_price":"","parent_id":469,"attribute_id":208,"option_id":15,"parent_sku":"1234567890","attribute_label":"Lipsticks ","title":"Candyfloss Pink","swatch_data":{"swatch_id":11,"option_id":15,"store_id":0,"type":1,"value":"#8f3c4f"},"special_from_date":{"date":"2023-10-26 17:00:00","timezone_type":3,"timezone":"Asia/Kolkata"}},{"id":473,"sku":"8906087777809","name":"Moisture Matte Long Stay Lipstick - 2g | Cinnamon Nude","url_key":"moisture-matte-long-stay-lipsticks-2-g-cinnamon-nude","price":"599.00","is_in_stock":true,"custom_attributes":[{"attribute_code":"saving_scheme","value":"price_per_100_gm"},{"attribute_code":"volume","value":"2"}],"special_price":"","parent_id":469,"attribute_id":208,"option_id":16,"parent_sku":"1234567890","attribute_label":"Lipsticks ","title":"Cinnamon Nude","swatch_data":{"swatch_id":12,"option_id":16,"store_id":0,"type":1,"value":"#ae655f"},"special_from_date":{"date":"2023-10-26 17:00:00","timezone_type":3,"timezone":"Asia/Kolkata"}},{"id":474,"sku":"8906087777816","name":"Moisture Matte Long Stay Lipstick - 2g | Bubblegum Nude","url_key":"moisture-matte-long-stay-lipsticks-2-g-bubblegum-nude","price":"599.00","is_in_stock":false,"custom_attributes":[{"attribute_code":"saving_scheme","value":"price_per_100_gm"},{"attribute_code":"volume","value":"2"}],"special_price":"","parent_id":469,"attribute_id":208,"option_id":17,"parent_sku":"1234567890","attribute_label":"Lipsticks ","title":"Bubblegum Nude","swatch_data":{"swatch_id":13,"option_id":17,"store_id":0,"type":1,"value":"#ab4b56"},"special_from_date":{"date":"2023-10-26 17:00:00","timezone_type":3,"timezone":"Asia/Kolkata"}},{"id":475,"sku":"8906087777823","name":"Moisture Matte Long Stay Lipstick - 2g | Melon Red","url_key":"moisture-matte-long-stay-lipsticks-2-g-melon-red","price":"599.00","is_in_stock":true,"custom_attributes":[{"attribute_code":"saving_scheme","value":"price_per_100_gm"},{"attribute_code":"volume","value":"2"}],"special_price":"","parent_id":469,"attribute_id":208,"option_id":18,"parent_sku":"1234567890","attribute_label":"Lipsticks ","title":"Melon Red","swatch_data":{"swatch_id":14,"option_id":18,"store_id":0,"type":1,"value":"#e23342"},"special_from_date":{"date":"2023-10-26 17:00:00","timezone_type":3,"timezone":"Asia/Kolkata"}},{"id":476,"sku":"8906087777830","name":"Moisture Matte Long Stay Lipstick - 2g | Raspberry Scarlet","url_key":"moisture-matte-long-stay-lipsticks-2-g-raspberry-scarlet","price":"599.00","is_in_stock":true,"custom_attributes":[{"attribute_code":"saving_scheme","value":"price_per_100_gm"},{"attribute_code":"volume","value":"2"}],"special_price":"","parent_id":469,"attribute_id":208,"option_id":19,"parent_sku":"1234567890","attribute_label":"Lipsticks ","title":"Raspberry Scarlet","swatch_data":{"swatch_id":15,"option_id":19,"store_id":0,"type":1,"value":"#d93c4c"},"special_from_date":{"date":"2023-10-26 17:00:00","timezone_type":3,"timezone":"Asia/Kolkata"}},{"id":477,"sku":"8906087777847","name":"Moisture Matte Long Stay Lipstick - 2g | Pink Tulip","url_key":"moisture-matte-long-stay-lipsticks-2-g-pink-tulip","price":"599.00","is_in_stock":true,"custom_attributes":[{"attribute_code":"saving_scheme","value":"price_per_100_gm"},{"attribute_code":"volume","value":"2"}],"special_price":"","parent_id":469,"attribute_id":208,"option_id":20,"parent_sku":"1234567890","attribute_label":"Lipsticks ","title":"Pink Tulip","swatch_data":{"swatch_id":16,"option_id":20,"store_id":0,"type":1,"value":"#bc6077"},"special_from_date":{"date":"2023-10-26 17:00:00","timezone_type":3,"timezone":"Asia/Kolkata"}},{"id":478,"sku":"8906087777854","name":"Moisture Matte Long Stay Lipstick - 2g | Espresso Brown","url_key":"moisture-matte-long-stay-lipsticks-2-g-espresso-brown","price":"599.00","is_in_stock":true,"custom_attributes":[{"attribute_code":"saving_scheme","value":"price_per_100_gm"},{"attribute_code":"volume","value":"2"}],"special_price":"","parent_id":469,"attribute_id":208,"option_id":21,"parent_sku":"1234567890","attribute_label":"Lipsticks ","title":"Espresso Brown","swatch_data":{"swatch_id":17,"option_id":21,"store_id":0,"type":1,"value":"#8c4847"},"special_from_date":{"date":"2023-10-26 17:00:00","timezone_type":3,"timezone":"Asia/Kolkata"}},{"id":650,"sku":"8904417301892","name":"Moisture Matte Long Stay Lipstick - 2g | Pink Lemonade","url_key":"moisture-matte-long-stay-lipstick-2g-pink-lemonade","price":"599.00","is_in_stock":true,"custom_attributes":[{"attribute_code":"saving_scheme","value":"price_per_100_gm"},{"attribute_code":"volume","value":"2"}],"special_price":"","parent_id":469,"attribute_id":208,"option_id":103,"parent_sku":"1234567890","attribute_label":"Lipsticks ","title":"Pink Lemonade","swatch_data":{"swatch_id":74,"option_id":103,"store_id":0,"type":1,"value":"#c64771"},"special_from_date":{"date":"2023-10-26 17:00:00","timezone_type":3,"timezone":"Asia/Kolkata"}},{"id":651,"sku":"8904417301922","name":"Moisture Matte Longstay Lipstick -2g  | Cherry Punch\t","url_key":"moisture-matte-longstay-lipstick-2g-cherry-punch","price":"599.00","is_in_stock":true,"custom_attributes":[{"attribute_code":"saving_scheme","value":"price_per_100_gm"},{"attribute_code":"volume","value":"2"}],"special_price":"","parent_id":469,"attribute_id":208,"option_id":104,"parent_sku":"1234567890","attribute_label":"Lipsticks ","title":"Cherry Punch","swatch_data":{"swatch_id":75,"option_id":104,"store_id":0,"type":1,"value":"#9d2234"},"special_from_date":{"date":"2023-10-26 17:00:00","timezone_type":3,"timezone":"Asia/Kolkata"}},{"id":652,"sku":"8904417301915","name":"Moisture Matte Longstay Lipstick - 2g | Berrylicious Magenta","url_key":"moisture-matte-longstay-lipstick-2g-berrylicious-magenta","price":"599.00","is_in_stock":true,"custom_attributes":[{"attribute_code":"saving_scheme","value":"price_per_100_gm"},{"attribute_code":"volume","value":"2"}],"special_price":"","parent_id":469,"attribute_id":208,"option_id":105,"parent_sku":"1234567890","attribute_label":"Lipsticks ","title":"Berrylicious Magenta","swatch_data":{"swatch_id":76,"option_id":105,"store_id":0,"type":1,"value":"#ac145b"},"special_from_date":{"date":"2023-09-27 17:00:00","timezone_type":3,"timezone":"Asia/Kolkata"}},{"id":653,"sku":"8904417301908","name":"Moisture Matte Longstay Lipstick - 2g | Citrus Nude\t","url_key":"moisture-matte-longstay-lipstick-2g-citrus-nude","price":"599.00","is_in_stock":true,"custom_attributes":[{"attribute_code":"saving_scheme","value":"price_per_100_gm"},{"attribute_code":"volume","value":"2"}],"special_price":"","parent_id":469,"attribute_id":208,"option_id":106,"parent_sku":"1234567890","attribute_label":"Lipsticks ","title":"Citrus Nude","swatch_data":{"swatch_id":77,"option_id":106,"store_id":0,"type":1,"value":"#a4493d"},"special_from_date":{"date":"2023-10-26 17:00:00","timezone_type":3,"timezone":"Asia/Kolkata"}},{"id":1005,"sku":"8904417308549","name":"Moisture Matte Longstay Lipstick - 2g | peach nude","url_key":"peach-nude-moisture-matte-long-lasting-lipstick-2g","price":"599.00","is_in_stock":true,"custom_attributes":[{"attribute_code":"saving_scheme","value":"price_per_100_gm"},{"attribute_code":"volume","value":"2"}],"special_price":"","parent_id":469,"attribute_id":208,"option_id":258,"parent_sku":"1234567890","attribute_label":"Lipsticks ","title":"peach nude","swatch_data":{"swatch_id":340,"option_id":258,"store_id":0,"type":1,"value":"#a75348"},"special_from_date":{"date":"2024-05-10 13:09:00","timezone_type":3,"timezone":"Asia/Kolkata"}},{"id":1006,"sku":"8904417308556","name":"Moisture Matte Longstay Lipstick - 2g | grapefruit pink","url_key":"grapefruit-pink-moisture-matte-long-lasting-lipstick-2g","price":"599.00","is_in_stock":true,"custom_attributes":[{"attribute_code":"saving_scheme","value":"price_per_100_gm"},{"attribute_code":"volume","value":"2"}],"special_price":"","parent_id":469,"attribute_id":208,"option_id":259,"parent_sku":"1234567890","attribute_label":"Lipsticks ","title":"grapefruit pink","swatch_data":{"swatch_id":341,"option_id":259,"store_id":0,"type":1,"value":"#cf152e"},"special_from_date":{"date":"2024-05-10 13:09:00","timezone_type":3,"timezone":"Asia/Kolkata"}},{"id":1007,"sku":"8904417308532","name":"Moisture Matte Longstay Lipstick - 2g | hazelnut brown","url_key":"hazelnut-brown-moisture-matte-long-lasting-lipstick-2g","price":"599.00","is_in_stock":true,"custom_attributes":[{"attribute_code":"saving_scheme","value":"price_per_100_gm"},{"attribute_code":"volume","value":"2"}],"special_price":"","parent_id":469,"attribute_id":208,"option_id":260,"parent_sku":"1234567890","attribute_label":"Lipsticks ","title":"hazelnut brown","swatch_data":{"swatch_id":342,"option_id":260,"store_id":0,"type":1,"value":"#863a35"},"special_from_date":{"date":"2024-05-10 13:09:00","timezone_type":3,"timezone":"Asia/Kolkata"}},{"id":1008,"sku":"8904417308563","name":"Moisture Matte Longstay Lipstick - 2g | raisin punch","url_key":"raisin-punch-moisture-matte-long-lasting-lipstick-2g","price":"599.00","is_in_stock":true,"custom_attributes":[{"attribute_code":"saving_scheme","value":"price_per_100_gm"},{"attribute_code":"volume","value":"2"}],"special_price":"","parent_id":469,"attribute_id":208,"option_id":261,"parent_sku":"1234567890","attribute_label":"Lipsticks ","title":"raisin punch","swatch_data":{"swatch_id":343,"option_id":261,"store_id":0,"type":1,"value":"#933336"},"special_from_date":{"date":"2024-05-10 13:09:00","timezone_type":3,"timezone":"Asia/Kolkata"}}],"sku":"8906087777779","special_price":"","special_price_from_date":{"date":"2023-10-26 17:00:00","timezone_type":3,"timezone":"Asia/Kolkata"},"tags":"best-seller","url_key":"moisture-matte-long-stay-lipsticks-2-g-carnation-nude","imageAltTags":[],"product_subtitle_keys":["Buy 1 Get 1 FREE"," Lipstick"," Smudge proof"],"size":"2g","unitPrice":"299.50/g","old_productid":"657","generic_name":null},{"id":1065,"tier_prices":[],"avg_rating_percent":98,"categories":[2,5,56,31,18,25,375],"created_at":"2023-09-08 07:57:34","custom_attributes":[{"attribute_code":"manufacturer","value":"A G Industries, C-11, Sector-85, Gautam buddha Nagar,  Noida, U.P., India – 201305"},{"attribute_code":"meta_title","value":"Beetroot Lip Balm with Beeswax for Soft \u0026 Supple Lips - 2g"},{"attribute_code":"meta_description","value":"Beetroot lip balm lightens and brightens pigmented lips. It also lends your lips that healthy pink hue making your pout appear radiant, plump \u0026 luscious."},{"attribute_code":"image","value":"/b/e/beetroot-lipbalm_white_bg.jpg"},{"attribute_code":"small_image","value":"/b/e/beetroot-lipbalm_white_bg.jpg"},{"attribute_code":"thumbnail","value":"/b/e/beetroot-lipbalm_white_bg.jpg"},{"attribute_code":"options_container","value":"container2"},{"attribute_code":"country_of_manufacture","value":"IN"},{"attribute_code":"url_key","value":"beetroot-tinted-100-natural-lip-balm-with-beetroot-and-beeswax-for-soft-supple-lips-2-g"},{"attribute_code":"msrp_display_actual_price_type","value":"0"},{"attribute_code":"gift_message_available","value":"2"},{"attribute_code":"swatch_image","value":"/b/e/beetroot-lipbalm_white_bg.jpg"},{"attribute_code":"attribute_label_1","value":"Why You’ll Love Our Beetroot Tinted Lip Balm"},{"attribute_code":"attribute_label_2","value":"Hero Ingredients"},{"attribute_code":"attribute_label_3","value":"How to Use"},{"attribute_code":"attribute_label_4","value":"Suitable For"},{"attribute_code":"attribute_label_5","value":"Why Mamaearth?"},{"attribute_code":"attribute_label_6","value":"Ingredient List"},{"attribute_code":"attribute_label_7","value":"FAQs"},{"attribute_code":"best_before","value":"24 Months"},{"attribute_code":"dimensions","value":"10*5*5"},{"attribute_code":"ean_code","value":"8904417310030"},{"attribute_code":"mrp","value":"299"},{"attribute_code":"old_productid","value":"1063"},{"attribute_code":"tags","value":"must try"},{"attribute_code":"marketed_by","value":"Honasa Consumer Limited, 10th and 11th Floor, Capital Cyberscape, Sector 59, Gurugram, Haryana, 122101"},{"attribute_code":"live_url","value":"https://mamaearth.in/product/beetroot-tinted-100-natural-lip-balm-with-beetroot-and-beeswax-for-soft-supple-lips-2-g"},{"attribute_code":"license_no","value":"A-4754/2019"},{"attribute_code":"length","value":"10"},{"attribute_code":"google_category","value":"2915"},{"attribute_code":"cms_sequence","value":"1,2,3,4,5,6,7,8"},{"attribute_code":"width","value":"5"},{"attribute_code":"height","value":"5"},{"attribute_code":"breadcrumb_category","value":"56","title":"Lip Balm for Men and Women","url_key":"lip-balm"},{"attribute_code":"custom_product_type","value":"be_skin"},{"attribute_code":"brand","value":"4"},{"attribute_code":"product_card_tags","value":"Gives 12-Hour Moisturization | Lends a Natural Pink Tint"},{"attribute_code":"saving_scheme","value":"price_per_100_gm"},{"attribute_code":"product_subtitle_keys","value":"Buy 1 Get 1 FREE, Beetroot, Tinted Lip Balm"},{"attribute_code":"is_suitable_for_skin_type","value":"465","label":"normal"},{"attribute_code":"skin_goals","value":"467,469,470","label":"moisturization, bright skin, even skin tone"},{"attribute_code":"tax_class_id","value":"2"},{"attribute_code":"create_scarcity","value":"0"},{"attribute_code":"hide_product_infront","value":"0"},{"attribute_code":"show_in_feed","value":"1"},{"attribute_code":"base_sub_category","value":"75"},{"attribute_code":"show_price_per_unit","value":"1"},{"attribute_code":"volume","value":"2"},{"attribute_code":"enable_fbt_popup","value":"0"},{"attribute_code":"enable_product_for_wa_commerce","value":"0"},{"attribute_code":"strikethrough","value":"1"},{"attribute_code":"short_description","value":"\u003cp\u003e\u003cspan style=\"font-weight: 400;\"\u003eLet dry, flaky, and chapped lips be history, naturally! Say hello to oh-so-soft lips \u0026amp; a natural pink tint with Mamaearth Beetroot Tinted 100% Natural Lip Balm. \u003c/span\u003e\u003c/p\u003e\r\n\u003cp\u003e\u003cspan style=\"font-weight: 400;\"\u003eCrafted with the natural goodness of Beetroot, the lip balm lightens and brightens pigmented lips. It also lends your lips that healthy pink hue making your pout appear radiant, plump \u0026amp; luscious. Also enriched with Beeswax, it nourishes chapped lips. That's not all! This lip balm also contains nourishing ingredients like Olive Oil and Shea Butter that keep your lips moisturized for up to 12 hours*. \u003c/span\u003e\u003c/p\u003e\r\n\u003cp\u003e\u003cspan style=\"font-weight: 400;\"\u003eWait, there’s more! Beetroot Tinted 100% Natural Lip Balm is Made Safe Certified, which means no toxins or harmful chemicals, only nature’s goodness \u0026amp; care.\u003c/span\u003e\u003c/p\u003e\r\n\u003cp\u003e\u003cstrong\u003e*Based on clinical studies of Olive Active Omega+ present in the product.\u003c/strong\u003e\u003c/p\u003e"},{"attribute_code":"meta_keyword","value":"Beetroot Lip Balm, Lip Balm with Shea Butter, Lip Balm with Beeswax, Beetroot Tinted Lip Balm, Beetroot Natural Tinted Lip Balm"},{"attribute_code":"attribute_value_1","value":"\u003cdiv class=\"list-banner\"\u003e\r\n  \u003cimg\r\n    src=\"https://images.mamaearth.in/wysiwyg/beetroot_lipbalm.jpg\"\r\n    alt=\"Mamaearth Lip Balm\"\r\n    width=\"900\"\r\n    height=\"auto\"\r\n  /\u003e\r\n  \u003cp style=\"text-align: center\"\u003eMamaearth Lip Balm\u003c/p\u003e\r\n\u003c/div\u003e\r\n"},{"attribute_code":"attribute_value_2","value":"\u003cdiv\u003e\r\n  \u003cul class=\"woodmart-list\"\u003e\r\n    \u003cli\u003e\r\n      \u003cdiv class=\"list-icon\"\u003e\r\n        \u003cimg\r\n          src=\"https://images.mamaearth.in/wysiwyg/beetrootmain.jpg\"\r\n          alt=\"Beetroot\"\r\n        /\u003e\r\n      \u003c/div\u003e\r\n      \u003cspan class=\"list-content\" style=\"text-align: justify\"\r\n        \u003e\u003cstrong\u003eBeetroot: \u003c/strong\u003eIt brightens the lips and also lends a\r\n        natural pink tint.\r\n      \u003c/span\u003e\r\n    \u003c/li\u003e\r\n    \u003cli\u003e\r\n      \u003cdiv class=\"list-icon\"\u003e\r\n        \u003cimg\r\n          src=\"https://images.mamaearth.in/wysiwyg/beewaxmain.jpg\"\r\n          alt=\"Beeswax\"\r\n        /\u003e\r\n      \u003c/div\u003e\r\n      \u003cspan class=\"list-content\" style=\"text-align: justify\"\r\n        \u003e\u003cstrong\u003eBeeswax : \u003c/strong\u003eIt soothes chapped lips.\r\n      \u003c/span\u003e\r\n    \u003c/li\u003e\r\n    \u003cli\u003e\r\n      \u003cdiv class=\"list-icon\"\u003e\r\n        \u003cimg\r\n          src=\"https://images.mamaearth.in/wysiwyg/sheabuttermain.jpg\"\r\n          alt=\"Shea Butter\"\r\n        /\u003e\r\n      \u003c/div\u003e\r\n      \u003cspan class=\"list-content\" style=\"text-align: justify\"\r\n        \u003e\u003cstrong\u003eShea Butter : \u003c/strong\u003eIt nourishes and moisturizes the lips.\r\n      \u003c/span\u003e\r\n    \u003c/li\u003e\r\n    \u003cli\u003e\r\n      \u003cdiv class=\"list-icon\"\u003e\r\n        \u003cimg\r\n          src=\"https://images.mamaearth.in/wysiwyg/oliveoilmain.jpg\"\r\n          alt=\"Olive Oil\"\r\n        /\u003e\r\n      \u003c/div\u003e\r\n      \u003cspan class=\"list-content\" style=\"text-align: justify\"\r\n        \u003e\u003cstrong\u003eOlive Oil : \u003c/strong\u003eIt hydrates and nourishes chapped lips.\r\n      \u003c/span\u003e\r\n    \u003c/li\u003e\r\n  \u003c/ul\u003e\r\n\u003c/div\u003e\r\n"},{"attribute_code":"attribute_value_3","value":"\u003col\u003e\r\n\u003cli style=\"font-weight: 400;\" aria-level=\"1\"\u003e\u003cspan style=\"font-weight: 400;\"\u003eGlide the lip balm evenly on your lips.\u003c/span\u003e\u003c/li\u003e\r\n\u003cli style=\"font-weight: 400;\" aria-level=\"1\"\u003e\u003cspan style=\"font-weight: 400;\"\u003eSmack your lips for an even application.\u003c/span\u003e\u003c/li\u003e\r\n\u003cli style=\"font-weight: 400;\" aria-level=\"1\"\u003e\u003cspan style=\"font-weight: 400;\"\u003eUse as often as needed.\u003c/span\u003e\u003c/li\u003e\r\n\u003c/ol\u003e"},{"attribute_code":"attribute_value_4","value":"\u003cul\u003e\r\n\u003cli style=\"font-weight: 400;\" aria-level=\"1\"\u003e\u003cspan style=\"font-weight: 400;\"\u003eEveryone above 18 years of age can use this\u003c/span\u003e\u003c/li\u003e\r\n\u003cli style=\"font-weight: 400;\" aria-level=\"1\"\u003e\u003cspan style=\"font-weight: 400;\"\u003eSuitable for all skin types\u003c/span\u003e\u003c/li\u003e\r\n\u003c/ul\u003e"},{"attribute_code":"attribute_value_5","value":"\u003cul class=\"compare-list\"\u003e\r\n\u003cli\u003e\r\n\u003cdiv class=\"compare-img\"\u003e \u003c/div\u003e\r\n\u003cdiv class=\"compare-content\"\u003e\r\n\u003cul\u003e\r\n\u003cli style=\"font-weight: 400;\" aria-level=\"1\"\u003e\u003cspan style=\"font-weight: 400;\"\u003e100 % Natural \u003c/span\u003e\u003c/li\u003e\r\n\u003cli style=\"font-weight: 400;\" aria-level=\"1\"\u003e\u003cspan style=\"font-weight: 400;\"\u003eGives 12-Hour Moisturization\u003c/span\u003e\u003c/li\u003e\r\n\u003cli style=\"font-weight: 400;\" aria-level=\"1\"\u003e\u003cspan style=\"font-weight: 400;\"\u003eGives a Natural Pink Tint\u003c/span\u003e\u003c/li\u003e\r\n\u003cli style=\"font-weight: 400;\" aria-level=\"1\"\u003e\u003cspan style=\"font-weight: 400;\"\u003eMade Safe Certified\u003c/span\u003e\u003c/li\u003e\r\n\u003cli style=\"font-weight: 400;\" aria-level=\"1\"\u003e\u003cspan style=\"font-weight: 400;\"\u003eToxin Free\u003c/span\u003e\u003c/li\u003e\r\n\u003cli style=\"font-weight: 400;\" aria-level=\"1\"\u003e\u003cspan style=\"font-weight: 400;\"\u003eNo Harmful Chemicals\u003c/span\u003e\u003c/li\u003e\r\n\u003cli style=\"font-weight: 400;\" aria-level=\"1\"\u003e\u003cspan style=\"font-weight: 400;\"\u003eSuitable for All\u003c/span\u003e\u003c/li\u003e\r\n\u003c/ul\u003e\r\n\u003c/div\u003e\r\n\u003c/li\u003e\r\n\u003cli\u003e\r\n\u003cdiv class=\"compare-img\"\u003e \u003c/div\u003e\r\n\u003cdiv class=\"compare-content\"\u003e\r\n\u003cul\u003e\r\n\u003cli style=\"font-weight: 400;\" aria-level=\"1\"\u003e\u003cspan style=\"font-weight: 400;\"\u003eNot 100% Natural\u003c/span\u003e\u003c/li\u003e\r\n\u003cli style=\"font-weight: 400;\" aria-level=\"1\"\u003e\u003cspan style=\"font-weight: 400;\"\u003eNot Moisturizing Enough\u003c/span\u003e\u003c/li\u003e\r\n\u003cli style=\"font-weight: 400;\" aria-level=\"1\"\u003e\u003cspan style=\"font-weight: 400;\"\u003eContains Artificial Colors\u003c/span\u003e\u003c/li\u003e\r\n\u003cli style=\"font-weight: 400;\" aria-level=\"1\"\u003e\u003cspan style=\"font-weight: 400;\"\u003eNot Certified By Made Safe\u003c/span\u003e\u003c/li\u003e\r\n\u003cli style=\"font-weight: 400;\" aria-level=\"1\"\u003e\u003cspan style=\"font-weight: 400;\"\u003eContains Toxins\u003c/span\u003e\u003c/li\u003e\r\n\u003cli style=\"font-weight: 400;\" aria-level=\"1\"\u003e\u003cspan style=\"font-weight: 400;\"\u003eContains Harmful Chemicals\u003c/span\u003e\u003c/li\u003e\r\n\u003cli style=\"font-weight: 400;\" aria-level=\"1\"\u003e\u003cspan style=\"font-weight: 400;\"\u003eNot Suitable for All\u003c/span\u003e\u003c/li\u003e\r\n\u003c/ul\u003e\r\n\u003c/div\u003e\r\n\u003c/li\u003e\r\n\u003c/ul\u003e"},{"attribute_code":"attribute_value_6","value":"\u003ctable\u003e\r\n\u003ctbody\u003e\r\n\u003ctr\u003e\r\n\u003ctd\u003e\r\n\u003cp\u003e\u003cstrong\u003eIngredients\u003c/strong\u003e\u003c/p\u003e\r\n\u003c/td\u003e\r\n\u003ctd\u003e\r\n\u003cp\u003e\u003cstrong\u003eType\u003c/strong\u003e\u003c/p\u003e\r\n\u003c/td\u003e\r\n\u003ctd\u003e\r\n\u003cp\u003e\u003cstrong\u003eWhere Is It From?\u003c/strong\u003e\u003c/p\u003e\r\n\u003c/td\u003e\r\n\u003ctd\u003e\r\n\u003cp\u003e\u003cstrong\u003eHow It Helps?\u003c/strong\u003e\u003c/p\u003e\r\n\u003c/td\u003e\r\n\u003c/tr\u003e\r\n\u003ctr\u003e\r\n\u003ctd\u003e\r\n\u003cp\u003e\u003cspan style=\"font-weight: 400;\"\u003eCoconut Oil\u003c/span\u003e\u003c/p\u003e\r\n\u003c/td\u003e\r\n\u003ctd\u003e\r\n\u003cp\u003e\u003cspan style=\"font-weight: 400;\"\u003eNatural\u003c/span\u003e\u003c/p\u003e\r\n\u003c/td\u003e\r\n\u003ctd\u003e\r\n\u003cp\u003e\u003cspan style=\"font-weight: 400;\"\u003ePlant-Based\u003c/span\u003e\u003c/p\u003e\r\n\u003c/td\u003e\r\n\u003ctd\u003e\r\n\u003cp\u003e\u003cspan style=\"font-weight: 400;\"\u003eEmollient\u003c/span\u003e\u003c/p\u003e\r\n\u003c/td\u003e\r\n\u003c/tr\u003e\r\n\u003ctr\u003e\r\n\u003ctd\u003e\r\n\u003cp\u003e\u003cspan style=\"font-weight: 400;\"\u003eShea Butter\u003c/span\u003e\u003c/p\u003e\r\n\u003c/td\u003e\r\n\u003ctd\u003e\r\n\u003cp\u003e\u003cspan style=\"font-weight: 400;\"\u003eNatural\u003c/span\u003e\u003c/p\u003e\r\n\u003c/td\u003e\r\n\u003ctd\u003e\r\n\u003cp\u003e\u003cspan style=\"font-weight: 400;\"\u003ePlant-Based\u003c/span\u003e\u003c/p\u003e\r\n\u003c/td\u003e\r\n\u003ctd\u003e\r\n\u003cp\u003e\u003cspan style=\"font-weight: 400;\"\u003eEmollient\u003c/span\u003e\u003c/p\u003e\r\n\u003c/td\u003e\r\n\u003c/tr\u003e\r\n\u003ctr\u003e\r\n\u003ctd\u003e\r\n\u003cp\u003e\u003cspan style=\"font-weight: 400;\"\u003eCastor Seed Oil\u003c/span\u003e\u003c/p\u003e\r\n\u003c/td\u003e\r\n\u003ctd\u003e\r\n\u003cp\u003e\u003cspan style=\"font-weight: 400;\"\u003eNatural\u003c/span\u003e\u003c/p\u003e\r\n\u003c/td\u003e\r\n\u003ctd\u003e\r\n\u003cp\u003e\u003cspan style=\"font-weight: 400;\"\u003ePlant-Based\u003c/span\u003e\u003c/p\u003e\r\n\u003c/td\u003e\r\n\u003ctd\u003e\r\n\u003cp\u003e\u003cspan style=\"font-weight: 400;\"\u003eEmollient\u003c/span\u003e\u003c/p\u003e\r\n\u003c/td\u003e\r\n\u003c/tr\u003e\r\n\u003ctr\u003e\r\n\u003ctd\u003e\r\n\u003cp\u003e\u003cspan style=\"font-weight: 400;\"\u003eCaprylic/Capric Triglyceride\u003c/span\u003e\u003c/p\u003e\r\n\u003c/td\u003e\r\n\u003ctd\u003e\r\n\u003cp\u003e\u003cspan style=\"font-weight: 400;\"\u003eNatural\u003c/span\u003e\u003c/p\u003e\r\n\u003c/td\u003e\r\n\u003ctd\u003e\r\n\u003cp\u003e\u003cspan style=\"font-weight: 400;\"\u003ePlant-Based\u003c/span\u003e\u003c/p\u003e\r\n\u003c/td\u003e\r\n\u003ctd\u003e\r\n\u003cp\u003e\u003cspan style=\"font-weight: 400;\"\u003eEmollient\u003c/span\u003e\u003c/p\u003e\r\n\u003c/td\u003e\r\n\u003c/tr\u003e\r\n\u003ctr\u003e\r\n\u003ctd\u003e\r\n\u003cp\u003e\u003cspan style=\"font-weight: 400;\"\u003eCandelilla Wax\u003c/span\u003e\u003c/p\u003e\r\n\u003c/td\u003e\r\n\u003ctd\u003e\r\n\u003cp\u003e\u003cspan style=\"font-weight: 400;\"\u003eNatural\u003c/span\u003e\u003c/p\u003e\r\n\u003c/td\u003e\r\n\u003ctd\u003e\r\n\u003cp\u003e\u003cspan style=\"font-weight: 400;\"\u003ePlant-Based \u003c/span\u003e\u003c/p\u003e\r\n\u003c/td\u003e\r\n\u003ctd\u003e\r\n\u003cp\u003e\u003cspan style=\"font-weight: 400;\"\u003eEmollient\u003c/span\u003e\u003c/p\u003e\r\n\u003c/td\u003e\r\n\u003c/tr\u003e\r\n\u003ctr\u003e\r\n\u003ctd\u003e\r\n\u003cp\u003e\u003cspan style=\"font-weight: 400;\"\u003eCocoa Butter\u003c/span\u003e\u003c/p\u003e\r\n\u003c/td\u003e\r\n\u003ctd\u003e\r\n\u003cp\u003e\u003cspan style=\"font-weight: 400;\"\u003eNatural\u003c/span\u003e\u003c/p\u003e\r\n\u003c/td\u003e\r\n\u003ctd\u003e\r\n\u003cp\u003e\u003cspan style=\"font-weight: 400;\"\u003ePlant-Based\u003c/span\u003e\u003c/p\u003e\r\n\u003c/td\u003e\r\n\u003ctd\u003e\r\n\u003cp\u003e\u003cspan style=\"font-weight: 400;\"\u003eAntioxidant\u003c/span\u003e\u003c/p\u003e\r\n\u003c/td\u003e\r\n\u003c/tr\u003e\r\n\u003ctr\u003e\r\n\u003ctd\u003e\r\n\u003cp\u003e\u003cspan style=\"font-weight: 400;\"\u003eJojoba Oil\u003c/span\u003e\u003c/p\u003e\r\n\u003c/td\u003e\r\n\u003ctd\u003e\r\n\u003cp\u003e\u003cspan style=\"font-weight: 400;\"\u003eNatural\u003c/span\u003e\u003c/p\u003e\r\n\u003c/td\u003e\r\n\u003ctd\u003e\r\n\u003cp\u003e\u003cspan style=\"font-weight: 400;\"\u003ePlant-Based\u003c/span\u003e\u003c/p\u003e\r\n\u003c/td\u003e\r\n\u003ctd\u003e\r\n\u003cp\u003e\u003cspan style=\"font-weight: 400;\"\u003eMoisturizer\u003c/span\u003e\u003c/p\u003e\r\n\u003c/td\u003e\r\n\u003c/tr\u003e\r\n\u003ctr\u003e\r\n\u003ctd\u003e\r\n\u003cp\u003e\u003cspan style=\"font-weight: 400;\"\u003eAlmond Oil\u003c/span\u003e\u003c/p\u003e\r\n\u003c/td\u003e\r\n\u003ctd\u003e\r\n\u003cp\u003e\u003cspan style=\"font-weight: 400;\"\u003eNatural\u003c/span\u003e\u003c/p\u003e\r\n\u003c/td\u003e\r\n\u003ctd\u003e\r\n\u003cp\u003e\u003cspan style=\"font-weight: 400;\"\u003ePlant-Based\u003c/span\u003e\u003c/p\u003e\r\n\u003c/td\u003e\r\n\u003ctd\u003e\r\n\u003cp\u003e\u003cspan style=\"font-weight: 400;\"\u003eEmollient\u003c/span\u003e\u003c/p\u003e\r\n\u003c/td\u003e\r\n\u003c/tr\u003e\r\n\u003ctr\u003e\r\n\u003ctd\u003e\r\n\u003cp\u003e\u003cspan style=\"font-weight: 400;\"\u003eOlive Oil\u003c/span\u003e\u003c/p\u003e\r\n\u003c/td\u003e\r\n\u003ctd\u003e\r\n\u003cp\u003e\u003cspan style=\"font-weight: 400;\"\u003eNatural\u003c/span\u003e\u003c/p\u003e\r\n\u003c/td\u003e\r\n\u003ctd\u003e\r\n\u003cp\u003e\u003cspan style=\"font-weight: 400;\"\u003ePlant-Based\u003c/span\u003e\u003c/p\u003e\r\n\u003c/td\u003e\r\n\u003ctd\u003e\r\n\u003cp\u003e\u003cspan style=\"font-weight: 400;\"\u003eMoisturizer\u003c/span\u003e\u003c/p\u003e\r\n\u003c/td\u003e\r\n\u003c/tr\u003e\r\n\u003ctr\u003e\r\n\u003ctd\u003e\r\n\u003cp\u003e\u003cspan style=\"font-weight: 400;\"\u003eCalendula Oil\u003c/span\u003e\u003c/p\u003e\r\n\u003c/td\u003e\r\n\u003ctd\u003e\r\n\u003cp\u003e\u003cspan style=\"font-weight: 400;\"\u003eNatural\u003c/span\u003e\u003c/p\u003e\r\n\u003c/td\u003e\r\n\u003ctd\u003e\r\n\u003cp\u003e\u003cspan style=\"font-weight: 400;\"\u003ePlant-Based\u003c/span\u003e\u003c/p\u003e\r\n\u003c/td\u003e\r\n\u003ctd\u003e\r\n\u003cp\u003e\u003cspan style=\"font-weight: 400;\"\u003eEmollient\u003c/span\u003e\u003c/p\u003e\r\n\u003c/td\u003e\r\n\u003c/tr\u003e\r\n\u003ctr\u003e\r\n\u003ctd\u003e\r\n\u003cp\u003e\u003cspan style=\"font-weight: 400;\"\u003eCarnauba Wax\u003c/span\u003e\u003c/p\u003e\r\n\u003c/td\u003e\r\n\u003ctd\u003e\r\n\u003cp\u003e\u003cspan style=\"font-weight: 400;\"\u003eNatural\u003c/span\u003e\u003c/p\u003e\r\n\u003c/td\u003e\r\n\u003ctd\u003e\r\n\u003cp\u003e\u003cspan style=\"font-weight: 400;\"\u003ePlant-Based\u003c/span\u003e\u003c/p\u003e\r\n\u003c/td\u003e\r\n\u003ctd\u003e\r\n\u003cp\u003e\u003cspan style=\"font-weight: 400;\"\u003eMoisturizer\u003c/span\u003e\u003c/p\u003e\r\n\u003c/td\u003e\r\n\u003c/tr\u003e\r\n\u003ctr\u003e\r\n\u003ctd\u003e\r\n\u003cp\u003e\u003cspan style=\"font-weight: 400;\"\u003eDicaprylyl Carbonate\u003c/span\u003e\u003c/p\u003e\r\n\u003c/td\u003e\r\n\u003ctd\u003e\r\n\u003cp\u003e\u003cspan style=\"font-weight: 400;\"\u003eNatural\u003c/span\u003e\u003c/p\u003e\r\n\u003c/td\u003e\r\n\u003ctd\u003e\r\n\u003cp\u003e\u003cspan style=\"font-weight: 400;\"\u003ePlant-Based\u003c/span\u003e\u003c/p\u003e\r\n\u003c/td\u003e\r\n\u003ctd\u003e\r\n\u003cp\u003e\u003cspan style=\"font-weight: 400;\"\u003eEmollient\u003c/span\u003e\u003c/p\u003e\r\n\u003c/td\u003e\r\n\u003c/tr\u003e\r\n\u003ctr\u003e\r\n\u003ctd\u003e\r\n\u003cp\u003e\u003cspan style=\"font-weight: 400;\"\u003eAvocado Oil\u003c/span\u003e\u003c/p\u003e\r\n\u003c/td\u003e\r\n\u003ctd\u003e\r\n\u003cp\u003e\u003cspan style=\"font-weight: 400;\"\u003eNatural\u003c/span\u003e\u003c/p\u003e\r\n\u003c/td\u003e\r\n\u003ctd\u003e\r\n\u003cp\u003e\u003cspan style=\"font-weight: 400;\"\u003ePlant-Based\u003c/span\u003e\u003c/p\u003e\r\n\u003c/td\u003e\r\n\u003ctd\u003e\r\n\u003cp\u003e\u003cspan style=\"font-weight: 400;\"\u003eMoisturizer\u003c/span\u003e\u003c/p\u003e\r\n\u003c/td\u003e\r\n\u003c/tr\u003e\r\n\u003ctr\u003e\r\n\u003ctd\u003e\r\n\u003cp\u003e\u003cspan style=\"font-weight: 400;\"\u003eArgan Oil\u003c/span\u003e\u003c/p\u003e\r\n\u003c/td\u003e\r\n\u003ctd\u003e\r\n\u003cp\u003e\u003cspan style=\"font-weight: 400;\"\u003eNatural\u003c/span\u003e\u003c/p\u003e\r\n\u003c/td\u003e\r\n\u003ctd\u003e\r\n\u003cp\u003e\u003cspan style=\"font-weight: 400;\"\u003ePlant-Based\u003c/span\u003e\u003c/p\u003e\r\n\u003c/td\u003e\r\n\u003ctd\u003e\r\n\u003cp\u003e\u003cspan style=\"font-weight: 400;\"\u003eEmollient\u003c/span\u003e\u003c/p\u003e\r\n\u003c/td\u003e\r\n\u003c/tr\u003e\r\n\u003ctr\u003e\r\n\u003ctd\u003e\r\n\u003cp\u003e\u003cspan style=\"font-weight: 400;\"\u003eCetearyl Olivate\u003c/span\u003e\u003c/p\u003e\r\n\u003c/td\u003e\r\n\u003ctd\u003e\r\n\u003cp\u003e\u003cspan style=\"font-weight: 400;\"\u003eNatural\u003c/span\u003e\u003c/p\u003e\r\n\u003c/td\u003e\r\n\u003ctd\u003e\r\n\u003cp\u003e\u003cspan style=\"font-weight: 400;\"\u003ePlant-Based\u003c/span\u003e\u003c/p\u003e\r\n\u003c/td\u003e\r\n\u003ctd\u003e\r\n\u003cp\u003e\u003cspan style=\"font-weight: 400;\"\u003eEmulsifier\u003c/span\u003e\u003c/p\u003e\r\n\u003c/td\u003e\r\n\u003c/tr\u003e\r\n\u003ctr\u003e\r\n\u003ctd\u003e\r\n\u003cp\u003e\u003cspan style=\"font-weight: 400;\"\u003eSorbitan Olivate\u003c/span\u003e\u003c/p\u003e\r\n\u003c/td\u003e\r\n\u003ctd\u003e\r\n\u003cp\u003e\u003cspan style=\"font-weight: 400;\"\u003eNatural\u003c/span\u003e\u003c/p\u003e\r\n\u003c/td\u003e\r\n\u003ctd\u003e\r\n\u003cp\u003e\u003cspan style=\"font-weight: 400;\"\u003ePlant-Based\u003c/span\u003e\u003c/p\u003e\r\n\u003c/td\u003e\r\n\u003ctd\u003e\r\n\u003cp\u003e\u003cspan style=\"font-weight: 400;\"\u003eMoisturizer\u003c/span\u003e\u003c/p\u003e\r\n\u003c/td\u003e\r\n\u003c/tr\u003e\r\n\u003ctr\u003e\r\n\u003ctd\u003e\r\n\u003cp\u003e\u003cspan style=\"font-weight: 400;\"\u003eHydrolysed Milk Protein\u003c/span\u003e\u003c/p\u003e\r\n\u003c/td\u003e\r\n\u003ctd\u003e\r\n\u003cp\u003e\u003cspan style=\"font-weight: 400;\"\u003eNatural\u003c/span\u003e\u003c/p\u003e\r\n\u003c/td\u003e\r\n\u003ctd\u003e\r\n\u003cp\u003e\u003cspan style=\"font-weight: 400;\"\u003eMilk\u003c/span\u003e\u003c/p\u003e\r\n\u003c/td\u003e\r\n\u003ctd\u003e\r\n\u003cp\u003e\u003cspan style=\"font-weight: 400;\"\u003eMoisturizer\u003c/span\u003e\u003c/p\u003e\r\n\u003c/td\u003e\r\n\u003c/tr\u003e\r\n\u003ctr\u003e\r\n\u003ctd\u003e\r\n\u003cp\u003e\u003cspan style=\"font-weight: 400;\"\u003eBeetroot Extract\u003c/span\u003e\u003c/p\u003e\r\n\u003c/td\u003e\r\n\u003ctd\u003e\r\n\u003cp\u003e\u003cspan style=\"font-weight: 400;\"\u003eNatural\u003c/span\u003e\u003c/p\u003e\r\n\u003c/td\u003e\r\n\u003ctd\u003e\r\n\u003cp\u003e\u003cspan style=\"font-weight: 400;\"\u003ePlant-Based\u003c/span\u003e\u003c/p\u003e\r\n\u003c/td\u003e\r\n\u003ctd\u003e\r\n\u003cp\u003e\u003cspan style=\"font-weight: 400;\"\u003eBrightens lips\u003c/span\u003e\u003c/p\u003e\r\n\u003c/td\u003e\r\n\u003c/tr\u003e\r\n\u003ctr\u003e\r\n\u003ctd\u003e\r\n\u003cp\u003e\u003cspan style=\"font-weight: 400;\"\u003eOlive Active Omega\u003c/span\u003e\u003c/p\u003e\r\n\u003c/td\u003e\r\n\u003ctd\u003e\r\n\u003cp\u003e\u003cspan style=\"font-weight: 400;\"\u003eNatural\u003c/span\u003e\u003c/p\u003e\r\n\u003c/td\u003e\r\n\u003ctd\u003e\r\n\u003cp\u003e\u003cspan style=\"font-weight: 400;\"\u003ePlant-Based\u003c/span\u003e\u003c/p\u003e\r\n\u003c/td\u003e\r\n\u003ctd\u003e\r\n\u003cp\u003e\u003cspan style=\"font-weight: 400;\"\u003eNourishes Lips\u003c/span\u003e\u003c/p\u003e\r\n\u003c/td\u003e\r\n\u003c/tr\u003e\r\n\u003ctr\u003e\r\n\u003ctd\u003e\r\n\u003cp\u003e\u003cspan style=\"font-weight: 400;\"\u003eVitamin E Acetate\u003c/span\u003e\u003c/p\u003e\r\n\u003c/td\u003e\r\n\u003ctd\u003e\r\n\u003cp\u003e\u003cspan style=\"font-weight: 400;\"\u003eNatural\u003c/span\u003e\u003c/p\u003e\r\n\u003c/td\u003e\r\n\u003ctd\u003e\r\n\u003cp\u003e\u003cspan style=\"font-weight: 400;\"\u003ePlant-Based\u003c/span\u003e\u003c/p\u003e\r\n\u003c/td\u003e\r\n\u003ctd\u003e\r\n\u003cp\u003e\u003cspan style=\"font-weight: 400;\"\u003eMoisturizer\u003c/span\u003e\u003c/p\u003e\r\n\u003c/td\u003e\r\n\u003c/tr\u003e\r\n\u003ctr\u003e\r\n\u003ctd\u003e\r\n\u003cp\u003e\u003cspan style=\"font-weight: 400;\"\u003eCalendula Extract\u003c/span\u003e\u003c/p\u003e\r\n\u003c/td\u003e\r\n\u003ctd\u003e\r\n\u003cp\u003e\u003cspan style=\"font-weight: 400;\"\u003eNatural\u003c/span\u003e\u003c/p\u003e\r\n\u003c/td\u003e\r\n\u003ctd\u003e\r\n\u003cp\u003e\u003cspan style=\"font-weight: 400;\"\u003ePlant-Based\u003c/span\u003e\u003c/p\u003e\r\n\u003c/td\u003e\r\n\u003ctd\u003e\r\n\u003cp\u003e\u003cspan style=\"font-weight: 400;\"\u003eSoothes Dryness\u003c/span\u003e\u003c/p\u003e\r\n\u003c/td\u003e\r\n\u003c/tr\u003e\r\n\u003ctr\u003e\r\n\u003ctd\u003e\r\n\u003cp\u003e\u003cspan style=\"font-weight: 400;\"\u003eVitamin E\u003c/span\u003e\u003c/p\u003e\r\n\u003c/td\u003e\r\n\u003ctd\u003e\r\n\u003cp\u003e\u003cspan style=\"font-weight: 400;\"\u003eNatural\u003c/span\u003e\u003c/p\u003e\r\n\u003c/td\u003e\r\n\u003ctd\u003e\r\n\u003cp\u003e\u003cspan style=\"font-weight: 400;\"\u003ePlant-Based\u003c/span\u003e\u003c/p\u003e\r\n\u003c/td\u003e\r\n\u003ctd\u003e\r\n\u003cp\u003e\u003cspan style=\"font-weight: 400;\"\u003eAntioxidant\u003c/span\u003e\u003c/p\u003e\r\n\u003c/td\u003e\r\n\u003c/tr\u003e\r\n\u003ctr\u003e\r\n\u003ctd\u003e\r\n\u003cp\u003e\u003cspan style=\"font-weight: 400;\"\u003eVanilla Flavor\u003c/span\u003e\u003c/p\u003e\r\n\u003c/td\u003e\r\n\u003ctd\u003e\r\n\u003cp\u003e\u003cspan style=\"font-weight: 400;\"\u003eNatural\u003c/span\u003e\u003c/p\u003e\r\n\u003c/td\u003e\r\n\u003ctd\u003e\r\n\u003cp\u003e\u003cspan style=\"font-weight: 400;\"\u003ePlant-Based\u003c/span\u003e\u003c/p\u003e\r\n\u003c/td\u003e\r\n\u003ctd\u003e\r\n\u003cp\u003e\u003cspan style=\"font-weight: 400;\"\u003eFlavor\u003c/span\u003e\u003c/p\u003e\r\n\u003c/td\u003e\r\n\u003c/tr\u003e\r\n\u003ctr\u003e\r\n\u003ctd\u003e\r\n\u003cp\u003e\u003cspan style=\"font-weight: 400;\"\u003e Rose Flavor\u003c/span\u003e\u003c/p\u003e\r\n\u003c/td\u003e\r\n\u003ctd\u003e\r\n\u003cp\u003e\u003cspan style=\"font-weight: 400;\"\u003eNatural\u003c/span\u003e\u003c/p\u003e\r\n\u003c/td\u003e\r\n\u003ctd\u003e\r\n\u003cp\u003e\u003cspan style=\"font-weight: 400;\"\u003ePlant-Based\u003c/span\u003e\u003c/p\u003e\r\n\u003c/td\u003e\r\n\u003ctd\u003e\r\n\u003cp\u003e\u003cspan style=\"font-weight: 400;\"\u003eFlavor\u003c/span\u003e\u003c/p\u003e\r\n\u003c/td\u003e\r\n\u003c/tr\u003e\r\n\u003c/tbody\u003e\r\n\u003c/table\u003e"},{"attribute_code":"attribute_value_7","value":"\u003cdiv id=\"faqs\"\u003e\r\n  \u003cp\u003eIs the Lip Balm Suitable for Sensitive Lips?\u003c/p\u003e\r\n  \u003cp\u003e\r\n    Yes. Beetroot Tinted 100% Natural Lip Balm is enriched with hydrating \u0026\r\n    nourishing ingredients that heal dry and chapped lips while keeping them\r\n    nourished throughout the day.\r\n  \u003c/p\u003e\r\n  \u003cp\u003eCan I Use It As A Base For My Lipstick?\u003c/p\u003e\r\n  \u003cp\u003e\r\n    Yes. Enriched with a creamy texture, the lip balm not only moisturizes your\r\n    lips but also offers a hydrating base for smooth application of your\r\n    favorite lipstick.\r\n  \u003c/p\u003e\r\n  \u003cp\u003eCan I Use it At Night?\u003c/p\u003e\r\n  \u003cp\u003eYes, you can use it at any time of the day.\u003c/p\u003e\r\n  \u003cp\u003eWill This Give a Glossy Effect to The Lips?\u003c/p\u003e\r\n  \u003cp\u003eYes, the Beetroot Tinted 100% Natural Lip Balm gives your lips a  natural sheen and tint. \u003c/p\u003e\r\n\u003c/div\u003e\r\n"},{"attribute_code":"tag_keywords","value":"\"100% Natural Lip Balm\r\nBeetroot Lip Balm\r\nBeeswax\r\nNatural Lip Balm\r\nPink Lip Balm\r\nNatural\r\nGentle\r\nSoft Lips\r\nMoisturizing\r\nNourishing\r\nLip Balm mama earth\r\nTinted Lip Balm \r\nBeeswax Lip Balm \r\nFor Dry \u0026 Chapped Lip Balm\r\n\r\nBeetroot Tint\r\nLip Balm\r\nTint for lips \u0026 Cheeks\""},{"attribute_code":"special_price","value":null},{"attribute_code":"special_from_date","value":"2024-05-10 07:39:00"}],"hide_in_front":0,"image":"/b/e/beetroot-lipbalm_white_bg.jpg","is_in_stock":true,"name":"Beetroot Tinted 100% Natural Lip Balm with Beetroot and Beeswax for Soft \u0026 Supple Lips - 2 g","position":"3","price":"299.00","product_card_tags":"Gives 12-Hour Moisturization | Lends a Natural Pink Tint","review_count":82,"sku":"8904417310030","special_price":"","special_price_from_date":{"date":"2024-05-10 13:09:00","timezone_type":3,"timezone":"Asia/Kolkata"},"tags":"must try","url_key":"beetroot-tinted-100-natural-lip-balm-with-beetroot-and-beeswax-for-soft-supple-lips-2-g","imageAltTags":[],"product_subtitle_keys":["Buy 1 Get 1 FREE"," Beetroot"," Tinted Lip Balm"],"size":"2g","unitPrice":"149.50/g","old_productid":"1063","generic_name":null},{"id":693,"tier_prices":[],"avg_rating_percent":92,"categories":[2,21,56,125,283,110,45,411,25,375],"created_at":"2022-10-18 09:38:26","custom_attributes":[{"attribute_code":"manufacturer","value":"A G Organica Pvt. Ltd., Plot No. C-11, Sector-85, Noida, Gautam Buddha Nagar, Uttar Pradesh-201305"},{"attribute_code":"meta_title","value":"Strawberry Lip Balm for Soft, Supple \u0026 Nourishes Lips - 4g"},{"attribute_code":"meta_description","value":"Mamaearth Strawberry Lip Balm for soft and supple lips. Crafted with Strawberry \u0026 Vitamin E, this 100% natural lip moisturizer intensely nourishes your lips."},{"attribute_code":"image","value":"/1/_/1_white_bg_1.jpg"},{"attribute_code":"small_image","value":"/1/_/1_white_bg_1.jpg"},{"attribute_code":"thumbnail","value":"/1/_/1_white_bg_1.jpg"},{"attribute_code":"options_container","value":"container2"},{"attribute_code":"small_image_label","value":"Natural Lip Moisturizer"},{"attribute_code":"thumbnail_label","value":"Natural Lip Moisturizer"},{"attribute_code":"country_of_manufacture","value":"IN"},{"attribute_code":"url_key","value":"nourishing-tinted-100-natural-lip-balm-with-vitamin-e-and-strawberry-for-soft-supple-lips-4-g"},{"attribute_code":"msrp_display_actual_price_type","value":"0"},{"attribute_code":"gift_message_available","value":"2"},{"attribute_code":"swatch_image","value":"/1/_/1_white_bg_1.jpg"},{"attribute_code":"attribute_label_1","value":"Why You’ll Love Our Lip Balm"},{"attribute_code":"attribute_label_2","value":"Hero Ingredients"},{"attribute_code":"attribute_label_3","value":"How to Use"},{"attribute_code":"attribute_label_4","value":"Who can Use"},{"attribute_code":"attribute_label_5","value":"Why Mamaearth"},{"attribute_code":"attribute_label_6","value":"Ingredient List"},{"attribute_code":"attribute_label_7","value":"FAQ's"},{"attribute_code":"best_before","value":"24 Months"},{"attribute_code":"dimensions","value":"10*5*5"},{"attribute_code":"mrp","value":"199"},{"attribute_code":"old_productid","value":"809"},{"attribute_code":"tags","value":"trending"},{"attribute_code":"marketed_by","value":"Honasa Consumer Limited, 10th and 11th Floor, Capital Cyberscape, Sector 59, Gurugram, Haryana, 122101"},{"attribute_code":"live_url","value":"https://mamaearth.in/product/nourishing-tinted-100-natural-lip-balm-with-vitamin-e-and-strawberry-for-soft-supple-lips-4-g"},{"attribute_code":"license_no","value":"UP16320000028"},{"attribute_code":"length","value":"10"},{"attribute_code":"google_category","value":"2915"},{"attribute_code":"cms_sequence","value":"1,2,3,4,5,6,7,8"},{"attribute_code":"width","value":"5"},{"attribute_code":"height","value":"5"},{"attribute_code":"breadcrumb_category","value":"56","title":"Lip Balm for Men and Women","url_key":"lip-balm"},{"attribute_code":"custom_product_type","value":"be_skin"},{"attribute_code":"brand","value":"4"},{"attribute_code":"product_card_tags","value":"12-Hour Moisturization | Gives Soft \u0026 Supple Lips"},{"attribute_code":"saving_scheme","value":"price_per_100_gm"},{"attribute_code":"product_subtitle_keys","value":"Buy 1 Get 1 FREE, Lip Balm"},{"attribute_code":"is_suitable_for_skin_type","value":"465","label":"normal"},{"attribute_code":"skin_goals","value":"467","label":"moisturization"},{"attribute_code":"tax_class_id","value":"2"},{"attribute_code":"create_scarcity","value":"0"},{"attribute_code":"hide_product_infront","value":"0"},{"attribute_code":"show_in_feed","value":"1"},{"attribute_code":"base_category","value":"88"},{"attribute_code":"base_sub_category","value":"75"},{"attribute_code":"show_price_per_unit","value":"1"},{"attribute_code":"volume","value":"4"},{"attribute_code":"enable_fbt_popup","value":"0"},{"attribute_code":"enable_product_for_wa_commerce","value":"0"},{"attribute_code":"strikethrough","value":"1"},{"attribute_code":"lip_balm_new","value":"438"},{"attribute_code":"short_description","value":"\u003cp\u003e\u003cspan style=\"font-weight: 400;\"\u003eKiss dry and chapped lips goodbye with Mamaearth Nourishing Tinted 100 % Natural Lip Balm. Crafted with the natural goodness of Vitamin E \u0026amp; Strawberry, the lip balm moisturizes your lips for up to 12 hours* and lends a natural coral red tint. Infused with Vitamin E, the lip balm helps fade pigmentation and moisturizes the lips while Strawberry, rich in Vitamin C, gently exfoliates them. Easy on the pocket and gentle on the skin, the lip balm glides on your lips like a dream, adding oodles of moisture leaving them soft, supple, and healthy. And here’s the best part! Our lip balm is 100% natural and Made Safe Certified, which means no toxins or harmful chemicals, only nature’s goodness. \u003c/span\u003e\u003c/p\u003e\r\n\u003cp style=\"text-align: justify;\"\u003e \u003c/p\u003e\r\n\u003cp\u003e\u003cspan style=\"font-weight: 400;\"\u003e*Based on clinical studies of Olive Active Omega+ present in the product.\u003c/span\u003e\u003c/p\u003e"},{"attribute_code":"attribute_value_1","value":"\u003cdiv class=\"list-banner\"\u003e\u003cimg src=\"https://images.mamaearth.in/wysiwyg/strawberry_lipbalm.jpg\" alt=\"Nourishing Tinted 100% Natural Lip Balm with Vitamin E and Strawberry\" /\u003e\r\n\u003cp style=\"text-align: center;\"\u003eNourishing Tinted 100% Natural Lip Balm with Vitamin E and Strawberry\u003c/p\u003e\r\n\u003c/div\u003e"},{"attribute_code":"attribute_value_2","value":"\u003cul class=\"woodmart-list\"\u003e\r\n\u003cli\u003e\r\n\u003cdiv class=\"list-icon\"\u003e\u003cimg loading=\"lazy\" src=\"https://images.mamaearth.in/wysiwyg/14-10-2022/Picture1.png\" alt=\"Mamaearth Vitamin C Tinted 100% Natural Lip Balm\" /\u003e\u003c/div\u003e\r\n\u003cspan class=\"list-content\" style=\"text-align: justify;\"\u003e\u003cstrong\u003eVitamin E: \u003c/strong\u003e A powerful antioxidant, it nourishes lips \u0026amp; helps prevent pigmentation. \u003c/span\u003e\u003c/li\u003e\r\n\u003cli\u003e\r\n\u003cdiv class=\"list-icon\"\u003e\u003cimg loading=\"lazy\" src=\"https://images.mamaearth.in/wysiwyg/14-10-2022/Picture4.jpg\" alt=\"Vitamin C Tinted Lip Balm with Coconut oil\" /\u003e\u003c/div\u003e\r\n\u003cspan class=\"list-content\" style=\"text-align: justify;\"\u003e\u003cstrong\u003eStrawberry: \u003c/strong\u003e It naturally exfoliates the lips and nourishes them. \u003c/span\u003e\u003c/li\u003e\r\n\u003c/ul\u003e"},{"attribute_code":"attribute_value_3","value":"\u003cul\u003e\r\n\u003cli\u003e\u003cspan class=\"list-content\"\u003e\u003cstrong\u003eStep 1 : \u003c/strong\u003eGlide the lip balm evenly on your lips. \u003c/span\u003e\u003c/li\u003e\r\n\u003cli\u003e\u003cspan class=\"list-content\"\u003e\u003cstrong\u003eStep 2 : \u003c/strong\u003eSmack your lips for an even application.\u003c/span\u003e\u003c/li\u003e\r\n\u003cli\u003e\u003cspan class=\"list-content\"\u003e\u003cstrong\u003eStep 3 : \u003c/strong\u003eUse as often as needed.\u003c/span\u003e\u003c/li\u003e\r\n\u003c/ul\u003e"},{"attribute_code":"attribute_value_4","value":"\u003cul style=\"list-style: disc; padding-left: 1em;\"\u003e\r\n\u003cli\u003e\u003cspan class=\"list-content\"\u003eEveryone above 18 years of age can use this\u003c/span\u003e\u003c/li\u003e\r\n\u003cli\u003e\u003cspan class=\"list-content\"\u003e Nourishing 100% Natural Lip Balm is suitable for all skin types\u003c/span\u003e\u003c/li\u003e\r\n\u003c/ul\u003e"},{"attribute_code":"attribute_value_5","value":"\u003cul class=\"compare-list\"\u003e\r\n\u003cli\u003e\r\n\u003cul\u003e\r\n\u003cli\u003eIntensely Nourishing\u003c/li\u003e\r\n\u003cli\u003eGives Soft \u0026amp; Supple Lips\u003c/li\u003e\r\n\u003cli\u003e100% Natural\u003c/li\u003e\r\n\u003cli\u003eMade Safe Certified\u003c/li\u003e\r\n\u003cli\u003eGive You A Natural Tint\u003c/li\u003e\r\n\u003cli\u003eToxin Free\u003c/li\u003e\r\n\u003cli\u003eNo Harmful Chemicals\u003c/li\u003e\r\n\u003cli\u003eSuitable for All\u003c/li\u003e\r\n\u003c/ul\u003e\r\n\u003c/li\u003e\r\n\u003cli\u003e\r\n\u003cul\u003e\r\n\u003cli\u003eDoesn’t Nourish Lips\u003c/li\u003e\r\n\u003cli\u003eMakes Lips Dry\u003c/li\u003e\r\n\u003cli\u003eNot Certified By Made Safe\u003c/li\u003e\r\n\u003cli\u003eContains Artificial Colors\u003c/li\u003e\r\n\u003cli\u003eContains Toxins\u003c/li\u003e\r\n\u003cli\u003eContains Harmful Chemicals\u003c/li\u003e\r\n\u003cli\u003eNot Suitable for All\u003c/li\u003e\r\n\u003c/ul\u003e\r\n\u003c/li\u003e\r\n\u003c/ul\u003e"},{"attribute_code":"attribute_value_6","value":"\u003ctable\u003e\r\n\u003ctbody\u003e\r\n\u003ctr\u003e\r\n\u003ctd\u003e\r\n\u003cp\u003e\u003cstrong\u003eIngredients\u003c/strong\u003e\u003c/p\u003e\r\n\u003c/td\u003e\r\n\u003ctd\u003e\r\n\u003cp\u003e\u003cstrong\u003eType\u003c/strong\u003e\u003c/p\u003e\r\n\u003c/td\u003e\r\n\u003ctd\u003e\r\n\u003cp\u003e\u003cstrong\u003eWhere Is It From?\u003c/strong\u003e\u003c/p\u003e\r\n\u003c/td\u003e\r\n\u003ctd\u003e\r\n\u003cp\u003e\u003cstrong\u003eHow It Helps?\u003c/strong\u003e\u003c/p\u003e\r\n\u003c/td\u003e\r\n\u003c/tr\u003e\r\n\u003ctr\u003e\r\n\u003ctd\u003e\r\n\u003cp\u003e\u003cspan style=\"font-weight: 400;\"\u003eCoconut Oil\u003c/span\u003e\u003c/p\u003e\r\n\u003c/td\u003e\r\n\u003ctd\u003e\r\n\u003cp\u003e\u003cspan style=\"font-weight: 400;\"\u003eNatural\u003c/span\u003e\u003c/p\u003e\r\n\u003c/td\u003e\r\n\u003ctd\u003e\r\n\u003cp\u003e\u003cspan style=\"font-weight: 400;\"\u003ePlant-Based\u003c/span\u003e\u003c/p\u003e\r\n\u003c/td\u003e\r\n\u003ctd\u003e\r\n\u003cp\u003e\u003cspan style=\"font-weight: 400;\"\u003eEmollient\u003c/span\u003e\u003c/p\u003e\r\n\u003c/td\u003e\r\n\u003c/tr\u003e\r\n\u003ctr\u003e\r\n\u003ctd\u003e\r\n\u003cp\u003e\u003cspan style=\"font-weight: 400;\"\u003eShea Butter\u003c/span\u003e\u003c/p\u003e\r\n\u003c/td\u003e\r\n\u003ctd\u003e\r\n\u003cp\u003e\u003cspan style=\"font-weight: 400;\"\u003eNatural\u003c/span\u003e\u003c/p\u003e\r\n\u003c/td\u003e\r\n\u003ctd\u003e\r\n\u003cp\u003e\u003cspan style=\"font-weight: 400;\"\u003ePlant-Based\u003c/span\u003e\u003c/p\u003e\r\n\u003c/td\u003e\r\n\u003ctd\u003e\r\n\u003cp\u003e\u003cspan style=\"font-weight: 400;\"\u003eEmollient\u003c/span\u003e\u003c/p\u003e\r\n\u003c/td\u003e\r\n\u003c/tr\u003e\r\n\u003ctr\u003e\r\n\u003ctd\u003e\r\n\u003cp\u003e\u003cspan style=\"font-weight: 400;\"\u003eCastor Seed Oil\u003c/span\u003e\u003c/p\u003e\r\n\u003c/td\u003e\r\n\u003ctd\u003e\r\n\u003cp\u003e\u003cspan style=\"font-weight: 400;\"\u003eNatural\u003c/span\u003e\u003c/p\u003e\r\n\u003c/td\u003e\r\n\u003ctd\u003e\r\n\u003cp\u003e\u003cspan style=\"font-weight: 400;\"\u003ePlant-Based\u003c/span\u003e\u003c/p\u003e\r\n\u003c/td\u003e\r\n\u003ctd\u003e\r\n\u003cp\u003e\u003cspan style=\"font-weight: 400;\"\u003eEmollient\u003c/span\u003e\u003c/p\u003e\r\n\u003c/td\u003e\r\n\u003c/tr\u003e\r\n\u003ctr\u003e\r\n\u003ctd\u003e\r\n\u003cp\u003e\u003cspan style=\"font-weight: 400;\"\u003eCandelilla Wax\u003c/span\u003e\u003c/p\u003e\r\n\u003c/td\u003e\r\n\u003ctd\u003e\r\n\u003cp\u003e\u003cspan style=\"font-weight: 400;\"\u003eNatural\u003c/span\u003e\u003c/p\u003e\r\n\u003c/td\u003e\r\n\u003ctd\u003e\r\n\u003cp\u003e\u003cspan style=\"font-weight: 400;\"\u003ePlant-Based \u003c/span\u003e\u003c/p\u003e\r\n\u003c/td\u003e\r\n\u003ctd\u003e\r\n\u003cp\u003e\u003cspan style=\"font-weight: 400;\"\u003eEmollient\u003c/span\u003e\u003c/p\u003e\r\n\u003c/td\u003e\r\n\u003c/tr\u003e\r\n\u003ctr\u003e\r\n\u003ctd\u003e\r\n\u003cp\u003e\u003cspan style=\"font-weight: 400;\"\u003eCocoa Butter\u003c/span\u003e\u003c/p\u003e\r\n\u003c/td\u003e\r\n\u003ctd\u003e\r\n\u003cp\u003e\u003cspan style=\"font-weight: 400;\"\u003eNatural\u003c/span\u003e\u003c/p\u003e\r\n\u003c/td\u003e\r\n\u003ctd\u003e\r\n\u003cp\u003e\u003cspan style=\"font-weight: 400;\"\u003ePlant-Based\u003c/span\u003e\u003c/p\u003e\r\n\u003c/td\u003e\r\n\u003ctd\u003e\r\n\u003cp\u003e\u003cspan style=\"font-weight: 400;\"\u003eAntioxidant\u003c/span\u003e\u003c/p\u003e\r\n\u003c/td\u003e\r\n\u003c/tr\u003e\r\n\u003ctr\u003e\r\n\u003ctd\u003e\r\n\u003cp\u003e\u003cspan style=\"font-weight: 400;\"\u003eAlmond Oil\u003c/span\u003e\u003c/p\u003e\r\n\u003c/td\u003e\r\n\u003ctd\u003e\r\n\u003cp\u003e\u003cspan style=\"font-weight: 400;\"\u003eNatural\u003c/span\u003e\u003c/p\u003e\r\n\u003c/td\u003e\r\n\u003ctd\u003e\r\n\u003cp\u003e\u003cspan style=\"font-weight: 400;\"\u003ePlant-Based\u003c/span\u003e\u003c/p\u003e\r\n\u003c/td\u003e\r\n\u003ctd\u003e\r\n\u003cp\u003e\u003cspan style=\"font-weight: 400;\"\u003eEmollient\u003c/span\u003e\u003c/p\u003e\r\n\u003c/td\u003e\r\n\u003c/tr\u003e\r\n\u003ctr\u003e\r\n\u003ctd\u003e\r\n\u003cp\u003e\u003cspan style=\"font-weight: 400;\"\u003eJojoba Oil\u003c/span\u003e\u003c/p\u003e\r\n\u003c/td\u003e\r\n\u003ctd\u003e\r\n\u003cp\u003e\u003cspan style=\"font-weight: 400;\"\u003eNatural\u003c/span\u003e\u003c/p\u003e\r\n\u003c/td\u003e\r\n\u003ctd\u003e\r\n\u003cp\u003e\u003cspan style=\"font-weight: 400;\"\u003ePlant-Based\u003c/span\u003e\u003c/p\u003e\r\n\u003c/td\u003e\r\n\u003ctd\u003e\r\n\u003cp\u003e\u003cspan style=\"font-weight: 400;\"\u003eMoisturizer\u003c/span\u003e\u003c/p\u003e\r\n\u003c/td\u003e\r\n\u003c/tr\u003e\r\n\u003ctr\u003e\r\n\u003ctd\u003e\r\n\u003cp\u003e\u003cspan style=\"font-weight: 400;\"\u003eOlive Oil\u003c/span\u003e\u003c/p\u003e\r\n\u003c/td\u003e\r\n\u003ctd\u003e\r\n\u003cp\u003e\u003cspan style=\"font-weight: 400;\"\u003eNatural\u003c/span\u003e\u003c/p\u003e\r\n\u003c/td\u003e\r\n\u003ctd\u003e\r\n\u003cp\u003e\u003cspan style=\"font-weight: 400;\"\u003ePlant-Based\u003c/span\u003e\u003c/p\u003e\r\n\u003c/td\u003e\r\n\u003ctd\u003e\r\n\u003cp\u003e\u003cspan style=\"font-weight: 400;\"\u003eMoisturizer\u003c/span\u003e\u003c/p\u003e\r\n\u003c/td\u003e\r\n\u003c/tr\u003e\r\n\u003ctr\u003e\r\n\u003ctd\u003e\r\n\u003cp\u003e\u003cspan style=\"font-weight: 400;\"\u003eCalendula Oil\u003c/span\u003e\u003c/p\u003e\r\n\u003c/td\u003e\r\n\u003ctd\u003e\r\n\u003cp\u003e\u003cspan style=\"font-weight: 400;\"\u003eNatural\u003c/span\u003e\u003c/p\u003e\r\n\u003c/td\u003e\r\n\u003ctd\u003e\r\n\u003cp\u003e\u003cspan style=\"font-weight: 400;\"\u003ePlant-Based\u003c/span\u003e\u003c/p\u003e\r\n\u003c/td\u003e\r\n\u003ctd\u003e\r\n\u003cp\u003e\u003cspan style=\"font-weight: 400;\"\u003eEmollient\u003c/span\u003e\u003c/p\u003e\r\n\u003c/td\u003e\r\n\u003c/tr\u003e\r\n\u003ctr\u003e\r\n\u003ctd\u003e\r\n\u003cp\u003e\u003cspan style=\"font-weight: 400;\"\u003eCarnauba Wax\u003c/span\u003e\u003c/p\u003e\r\n\u003c/td\u003e\r\n\u003ctd\u003e\r\n\u003cp\u003e\u003cspan style=\"font-weight: 400;\"\u003eNatural\u003c/span\u003e\u003c/p\u003e\r\n\u003c/td\u003e\r\n\u003ctd\u003e\r\n\u003cp\u003e\u003cspan style=\"font-weight: 400;\"\u003ePlant-Based\u003c/span\u003e\u003c/p\u003e\r\n\u003c/td\u003e\r\n\u003ctd\u003e\r\n\u003cp\u003e\u003cspan style=\"font-weight: 400;\"\u003eMoisturizer\u003c/span\u003e\u003c/p\u003e\r\n\u003c/td\u003e\r\n\u003c/tr\u003e\r\n\u003ctr\u003e\r\n\u003ctd\u003e\r\n\u003cp\u003e\u003cspan style=\"font-weight: 400;\"\u003eArgan Oil\u003c/span\u003e\u003c/p\u003e\r\n\u003c/td\u003e\r\n\u003ctd\u003e\r\n\u003cp\u003e\u003cspan style=\"font-weight: 400;\"\u003eNatural\u003c/span\u003e\u003c/p\u003e\r\n\u003c/td\u003e\r\n\u003ctd\u003e\r\n\u003cp\u003e\u003cspan style=\"font-weight: 400;\"\u003ePlant-Based\u003c/span\u003e\u003c/p\u003e\r\n\u003c/td\u003e\r\n\u003ctd\u003e\r\n\u003cp\u003e\u003cspan style=\"font-weight: 400;\"\u003eEmollient\u003c/span\u003e\u003c/p\u003e\r\n\u003c/td\u003e\r\n\u003c/tr\u003e\r\n\u003ctr\u003e\r\n\u003ctd\u003e\r\n\u003cp\u003e\u003cspan style=\"font-weight: 400;\"\u003eDicaprylyl Carbonate\u003c/span\u003e\u003c/p\u003e\r\n\u003c/td\u003e\r\n\u003ctd\u003e\r\n\u003cp\u003e\u003cspan style=\"font-weight: 400;\"\u003eNatural\u003c/span\u003e\u003c/p\u003e\r\n\u003c/td\u003e\r\n\u003ctd\u003e\r\n\u003cp\u003e\u003cspan style=\"font-weight: 400;\"\u003ePlant-Based\u003c/span\u003e\u003c/p\u003e\r\n\u003c/td\u003e\r\n\u003ctd\u003e\r\n\u003cp\u003e\u003cspan style=\"font-weight: 400;\"\u003eEmollient\u003c/span\u003e\u003c/p\u003e\r\n\u003c/td\u003e\r\n\u003c/tr\u003e\r\n\u003ctr\u003e\r\n\u003ctd\u003e\r\n\u003cp\u003e\u003cspan style=\"font-weight: 400;\"\u003eCetearyl Olivate\u003c/span\u003e\u003c/p\u003e\r\n\u003c/td\u003e\r\n\u003ctd\u003e\r\n\u003cp\u003e\u003cspan style=\"font-weight: 400;\"\u003eNatural\u003c/span\u003e\u003c/p\u003e\r\n\u003c/td\u003e\r\n\u003ctd\u003e\r\n\u003cp\u003e\u003cspan style=\"font-weight: 400;\"\u003ePlant-Based\u003c/span\u003e\u003c/p\u003e\r\n\u003c/td\u003e\r\n\u003ctd\u003e\r\n\u003cp\u003e\u003cspan style=\"font-weight: 400;\"\u003eEmulsifier\u003c/span\u003e\u003c/p\u003e\r\n\u003c/td\u003e\r\n\u003c/tr\u003e\r\n\u003ctr\u003e\r\n\u003ctd\u003e\r\n\u003cp\u003e\u003cspan style=\"font-weight: 400;\"\u003eSorbitan Olivate\u003c/span\u003e\u003c/p\u003e\r\n\u003c/td\u003e\r\n\u003ctd\u003e\r\n\u003cp\u003e\u003cspan style=\"font-weight: 400;\"\u003eNatural\u003c/span\u003e\u003c/p\u003e\r\n\u003c/td\u003e\r\n\u003ctd\u003e\r\n\u003cp\u003e\u003cspan style=\"font-weight: 400;\"\u003ePlant-Based\u003c/span\u003e\u003c/p\u003e\r\n\u003c/td\u003e\r\n\u003ctd\u003e\r\n\u003cp\u003e\u003cspan style=\"font-weight: 400;\"\u003eMoisturizer\u003c/span\u003e\u003c/p\u003e\r\n\u003c/td\u003e\r\n\u003c/tr\u003e\r\n\u003ctr\u003e\r\n\u003ctd\u003e\r\n\u003cp\u003e\u003cspan style=\"font-weight: 400;\"\u003eHydrolysed Milk Protein\u003c/span\u003e\u003c/p\u003e\r\n\u003c/td\u003e\r\n\u003ctd\u003e\r\n\u003cp\u003e\u003cspan style=\"font-weight: 400;\"\u003eNatural\u003c/span\u003e\u003c/p\u003e\r\n\u003c/td\u003e\r\n\u003ctd\u003e\r\n\u003cp\u003e\u003cspan style=\"font-weight: 400;\"\u003eMilk\u003c/span\u003e\u003c/p\u003e\r\n\u003c/td\u003e\r\n\u003ctd\u003e\r\n\u003cp\u003e\u003cspan style=\"font-weight: 400;\"\u003eMoisturizer\u003c/span\u003e\u003c/p\u003e\r\n\u003c/td\u003e\r\n\u003c/tr\u003e\r\n\u003ctr\u003e\r\n\u003ctd\u003e\r\n\u003cp\u003e\u003cspan style=\"font-weight: 400;\"\u003eStrawberry Flavor\u003c/span\u003e\u003c/p\u003e\r\n\u003c/td\u003e\r\n\u003ctd\u003e\r\n\u003cp\u003e\u003cspan style=\"font-weight: 400;\"\u003eNatural\u003c/span\u003e\u003c/p\u003e\r\n\u003c/td\u003e\r\n\u003ctd\u003e\r\n\u003cp\u003e\u003cspan style=\"font-weight: 400;\"\u003ePlant-Based\u003c/span\u003e\u003c/p\u003e\r\n\u003c/td\u003e\r\n\u003ctd\u003e\r\n\u003cp\u003e\u003cspan style=\"font-weight: 400;\"\u003eFlavoring Agent\u003c/span\u003e\u003c/p\u003e\r\n\u003c/td\u003e\r\n\u003c/tr\u003e\r\n\u003ctr\u003e\r\n\u003ctd\u003e\r\n\u003cp\u003e\u003cspan style=\"font-weight: 400;\"\u003eVitamin E\u003c/span\u003e\u003c/p\u003e\r\n\u003c/td\u003e\r\n\u003ctd\u003e\r\n\u003cp\u003e\u003cspan style=\"font-weight: 400;\"\u003eNatural\u003c/span\u003e\u003c/p\u003e\r\n\u003c/td\u003e\r\n\u003ctd\u003e\r\n\u003cp\u003e\u003cspan style=\"font-weight: 400;\"\u003ePlant-Based\u003c/span\u003e\u003c/p\u003e\r\n\u003c/td\u003e\r\n\u003ctd\u003e\r\n\u003cp\u003e\u003cspan style=\"font-weight: 400;\"\u003eAntioxidant\u003c/span\u003e\u003c/p\u003e\r\n\u003c/td\u003e\r\n\u003c/tr\u003e\r\n\u003ctr\u003e\r\n\u003ctd\u003e\r\n\u003cp\u003e\u003cspan style=\"font-weight: 400;\"\u003eCalendula Extract\u003c/span\u003e\u003c/p\u003e\r\n\u003c/td\u003e\r\n\u003ctd\u003e\r\n\u003cp\u003e\u003cspan style=\"font-weight: 400;\"\u003eNatural\u003c/span\u003e\u003c/p\u003e\r\n\u003c/td\u003e\r\n\u003ctd\u003e\r\n\u003cp\u003e\u003cspan style=\"font-weight: 400;\"\u003ePlant-Based \u003c/span\u003e\u003c/p\u003e\r\n\u003c/td\u003e\r\n\u003ctd\u003e\r\n\u003cp\u003e\u003cspan style=\"font-weight: 400;\"\u003eEmollient\u003c/span\u003e\u003c/p\u003e\r\n\u003c/td\u003e\r\n\u003c/tr\u003e\r\n\u003ctr\u003e\r\n\u003ctd\u003e\r\n\u003cp\u003e\u003cspan style=\"font-weight: 400;\"\u003eOleic Acid\u003c/span\u003e\u003c/p\u003e\r\n\u003c/td\u003e\r\n\u003ctd\u003e\r\n\u003cp\u003e\u003cspan style=\"font-weight: 400;\"\u003eNatural\u003c/span\u003e\u003c/p\u003e\r\n\u003c/td\u003e\r\n\u003ctd\u003e\r\n\u003cp\u003e\u003cspan style=\"font-weight: 400;\"\u003ePlant-Based \u003c/span\u003e\u003c/p\u003e\r\n\u003c/td\u003e\r\n\u003ctd\u003e\r\n\u003cp\u003e\u003cspan style=\"font-weight: 400;\"\u003ePreservative\u003c/span\u003e\u003c/p\u003e\r\n\u003c/td\u003e\r\n\u003c/tr\u003e\r\n\u003ctr\u003e\r\n\u003ctd\u003e\r\n\u003cp\u003e\u003cspan style=\"font-weight: 400;\"\u003eLinolenic Acid\u003c/span\u003e\u003c/p\u003e\r\n\u003c/td\u003e\r\n\u003ctd\u003e\r\n\u003cp\u003e\u003cspan style=\"font-weight: 400;\"\u003eNatural\u003c/span\u003e\u003c/p\u003e\r\n\u003c/td\u003e\r\n\u003ctd\u003e\r\n\u003cp\u003e\u003cspan style=\"font-weight: 400;\"\u003ePlant-Based \u003c/span\u003e\u003c/p\u003e\r\n\u003c/td\u003e\r\n\u003ctd\u003e\r\n\u003cp\u003e\u003cspan style=\"font-weight: 400;\"\u003eReduces Inflammation\u003c/span\u003e\u003c/p\u003e\r\n\u003c/td\u003e\r\n\u003c/tr\u003e\r\n\u003ctr\u003e\r\n\u003ctd\u003e\r\n\u003cp\u003e\u003cspan style=\"font-weight: 400;\"\u003eHydroxytyrosol\u003c/span\u003e\u003c/p\u003e\r\n\u003c/td\u003e\r\n\u003ctd\u003e\r\n\u003cp\u003e\u003cspan style=\"font-weight: 400;\"\u003eNatural\u003c/span\u003e\u003c/p\u003e\r\n\u003c/td\u003e\r\n\u003ctd\u003e\r\n\u003cp\u003e\u003cspan style=\"font-weight: 400;\"\u003ePlant-Based \u003c/span\u003e\u003c/p\u003e\r\n\u003c/td\u003e\r\n\u003ctd\u003e\r\n\u003cp\u003e\u003cspan style=\"font-weight: 400;\"\u003eUV Protection\u003c/span\u003e\u003c/p\u003e\r\n\u003c/td\u003e\r\n\u003c/tr\u003e\r\n\u003ctr\u003e\r\n\u003ctd\u003e\r\n\u003cp\u003e\u003cspan style=\"font-weight: 400;\"\u003eMaslinic Acid\u003c/span\u003e\u003c/p\u003e\r\n\u003c/td\u003e\r\n\u003ctd\u003e\r\n\u003cp\u003e\u003cspan style=\"font-weight: 400;\"\u003eNatural\u003c/span\u003e\u003c/p\u003e\r\n\u003c/td\u003e\r\n\u003ctd\u003e\r\n\u003cp\u003e\u003cspan style=\"font-weight: 400;\"\u003ePlant-Based \u003c/span\u003e\u003c/p\u003e\r\n\u003c/td\u003e\r\n\u003ctd\u003e\r\n\u003cp\u003e\u003cspan style=\"font-weight: 400;\"\u003eReduces Inflammation\u003c/span\u003e\u003c/p\u003e\r\n\u003c/td\u003e\r\n\u003c/tr\u003e\r\n\u003ctr\u003e\r\n\u003ctd\u003e\r\n\u003cp\u003e\u003cspan style=\"font-weight: 400;\"\u003eOleanolic Acid\u003c/span\u003e\u003c/p\u003e\r\n\u003c/td\u003e\r\n\u003ctd\u003e\r\n\u003cp\u003e\u003cspan style=\"font-weight: 400;\"\u003eNatural\u003c/span\u003e\u003c/p\u003e\r\n\u003c/td\u003e\r\n\u003ctd\u003e\r\n\u003cp\u003e\u003cspan style=\"font-weight: 400;\"\u003ePlant-Based \u003c/span\u003e\u003c/p\u003e\r\n\u003c/td\u003e\r\n\u003ctd\u003e\r\n\u003cp\u003e\u003cspan style=\"font-weight: 400;\"\u003eSoothing Agent\u003c/span\u003e\u003c/p\u003e\r\n\u003c/td\u003e\r\n\u003c/tr\u003e\r\n\u003c/tbody\u003e\r\n\u003c/table\u003e"},{"attribute_code":"attribute_value_7","value":"\u003cdiv id=\"faqs\"\u003e\r\n\u003cp\u003eIs the Lip Balm Suitable for Sensitive Lips?\u003c/p\u003e\r\n\u003cp\u003eYes. Mamaearth Nourishing 100% Natural Lip Balm is enriched with hydrating \u0026amp; nourishing ingredients that heal dry and chapped lips while keeping them nourished throughout the day.\u003c/p\u003e\r\n\u003cp\u003eCan I Use It As A Base For My Lipstick?\u003c/p\u003e\r\n\u003cp\u003eYes. Enriched with a creamy texture, the lip balm not only moisturizes your lips but also offers a hydrating base for smooth application of your favorite lipstick.\u003c/p\u003e\r\n\u003cp\u003eCan I Use it At Night?\u003c/p\u003e\r\n\u003cp\u003eYes, you can use it at any time of the day.\u003c/p\u003e\r\n\u003cp\u003eWill This Give a Glossy Effect to The Lips?\u003c/p\u003e\r\n\u003cp\u003eYes, the Nourishing 100% Natural Lip Balm gives your lips a natural sheen.\u003c/p\u003e\r\n\u003cp\u003eWhat is tinted lip balm?\u003c/p\u003e\r\n\u003cp\u003eA tinted lip balm is a gentle lip care product with bright, pigmented colors. Unlike lipsticks, this unique and essential lip care product gives a more subtle and pleasant look to your lips and adds moisture to them as well. One such lip balm is the Mamaearth Nourishing Tinted 100% Natural Lip Balm. It has the natural goodness of Strawberry and Vitamin E to add a lovely color to your lips with complete care. It also hydrates your lips and keeps them moisturized for longer. It makes lips softer and suppler with every application. It is MadeSafe Certified and suitable for all skin types.\u003c/p\u003e\r\n\u003cp\u003eAre tinted lip balms bad for lips?\u003c/p\u003e\r\n\u003cp\u003eTinted lip balms usually differ from others because they offer a little more - they provide brighter shades of beautiful colors to your lips. Usually, they are crafted with nourishing ingredients like Vitamin E that help dry and chapped lips heal faster. For instance, let’s take Mamaearth Nourishing Tinted 100% Natural Lip Balm. It comes with the lasting natural goodness of Strawberry Extract and Vitamin E that combine to give your lips 12-hour moisturization with care. With every application, this lip balm gives your lips a supple and tinted look. The best part? It is natural, free from harmful chemicals and toxins, and is MadeSafe Certified.\u003c/p\u003e\r\n\u003cp\u003eWhat does tinted lip balm do?\u003c/p\u003e\r\n\u003cp\u003eA tinted lip balm adds a nice shade to your lips and makes them look supple and hydrated. It also helps reduce dryness and heal chapped lips. It makes your lips look pleasantly nourished with every use.\u003c/p\u003e\r\n\u003cp\u003eDoes lip tint moisturize lips?\u003c/p\u003e\r\n\u003cp\u003eYes. More often than not, lip tints are considered hydrating alternatives to lipsticks. However, we suggest you check its packaging for natural and nourishing ingredients like Vitamin E and Strawberry. With skin-benefiting ingredients, it can be a healthier option for your lip care routine.\u003c/p\u003e\r\n\u003cp\u003eCan we use tinted lip balm daily?\u003c/p\u003e\r\n\u003cp\u003eYes. Tinted lip balms are often rich in skin-benefiting and nourishing ingredients like Vitamin E, Coconut Oil, or rich fruit extracts that give your lips a pleasant color. They are crafted with a toxin-free formulation that hydrates your lips for a long time and gives them a plump appearance. An ideal recommendation for this is the Mamaearth Nourishing Tinted 100% Natural Lip Balm. It comes with Strawberry Extracts and Vitamin E to provide 12-hour moisturization and make your lips look supple and moisturized. The best part? It is natural, helps heal dry and chapped lips, and offers toxin-free nourishment and care.\u003c/p\u003e\r\n\u003c/div\u003e"},{"attribute_code":"tag_keywords","value":"Lip Balm,100% Natural,Gentle,Intense Nourishment,Nourishing,Strawberry,Hydrating,Soothing,Cruelty-Free,Made Safe Certified ,Toxin-Free,No Harmful Chemicals "},{"attribute_code":"meta_keyword","value":"Lip Balm,100% Natural,Gentle,Intense Nourishment,Nourishing,Strawberry,Hydrating,Soothing,Cruelty-Free,Made Safe Certified ,Toxin-Free,No Harmful Chemicals "},{"attribute_code":"special_price","value":null},{"attribute_code":"special_from_date","value":"2024-05-10 07:39:00"}],"hide_in_front":0,"image":"/1/_/1_white_bg_1.jpg","is_in_stock":true,"name":"Nourishing Tinted 100% Natural Lip Balm with Vitamin E and Strawberry for Dry \u0026 Chapped Lips - 4 g","position":"9","price":"199.00","product_card_tags":"12-Hour Moisturization | Gives Soft \u0026 Supple Lips","review_count":56,"sku":"8904417303308","special_price":"","special_price_from_date":{"date":"2024-05-10 13:09:00","timezone_type":3,"timezone":"Asia/Kolkata"},"tags":"trending","url_key":"nourishing-tinted-100-natural-lip-balm-with-vitamin-e-and-strawberry-for-soft-supple-lips-4-g","imageAltTags":[],"configurable_option":{"attribute_id":330,"option_id":438,"attribute_label":"Lip-Balm-New","title":"Strawberry","swatch_data":{"swatch_id":668,"option_id":438,"store_id":1,"type":0,"value":"Strawberry"}},"siblings":[{"id":692,"sku":"8904417303315","name":"Nourishing Tinted 100% Natural Lip Balm with Vitamin E and Raspberry for Dry \u0026 Chapped Lips - 4 g","url_key":"nourishing-tinted-100-natural-lip-balm-with-vitamin-e-and-raspberry-for-soft-supple-lips-4-g","price":"199.00","is_in_stock":true,"custom_attributes":[{"attribute_code":"saving_scheme","value":"price_per_100_gm"},{"attribute_code":"volume","value":"4"}],"special_price":"","parent_id":1483,"attribute_id":330,"option_id":439,"parent_sku":"23456789","attribute_label":"Lip-Balm-New","title":"Raspberry","swatch_data":{"swatch_id":670,"option_id":439,"store_id":1,"type":0,"value":"Raspberry"},"special_from_date":{"date":"2023-03-12 00:23:00","timezone_type":3,"timezone":"Asia/Kolkata"}},{"id":691,"sku":"8904417303322","name":"Nourishing 100% Natural Lip Balm with Vitamin E and Shea Butter for Soft \u0026 Supple Lips - 4 g","url_key":"nourishing-100-natural-lip-balm-with-vitamin-e-and-shea-butter-for-soft-supple-lips-4-g","price":"149.00","is_in_stock":true,"custom_attributes":[{"attribute_code":"saving_scheme","value":"price_per_100_gm"},{"attribute_code":"volume","value":"4"}],"special_price":"","parent_id":1483,"attribute_id":330,"option_id":440,"parent_sku":"23456789","attribute_label":"Lip-Balm-New","title":"Shea Butter","swatch_data":{"swatch_id":672,"option_id":440,"store_id":1,"type":0,"value":"Shea Butter"},"special_from_date":{"date":"2024-05-10 13:09:00","timezone_type":3,"timezone":"Asia/Kolkata"}}],"product_subtitle_keys":["Buy 1 Get 1 FREE"," Lip Balm"],"size":"4g","unitPrice":"49.75/g","old_productid":"809","generic_name":null},{"id":692,"tier_prices":[],"avg_rating_percent":95,"categories":[2,21,56,125,283,111,18,45,411,426,25,375],"created_at":"2022-10-18 09:16:46","custom_attributes":[{"attribute_code":"manufacturer","value":"A G Organica Pvt. Ltd., Plot No. C-11, Sector-85, Noida, Gautam Buddha Nagar, Uttar Pradesh-201305"},{"attribute_code":"meta_title","value":"Raspberry Lip Balm for Supple Lips | Mamaearth"},{"attribute_code":"meta_description","value":"Mamaearth Raspberry Lip Balm for nourished and healthy lips. Crafted with the goodness of Raspberry \u0026 Vitamin E, this lip balm intensely moisturizes your lips."},{"attribute_code":"image","value":"/1/_/1_white_bg.jpeg"},{"attribute_code":"small_image","value":"/1/_/1_white_bg.jpeg"},{"attribute_code":"thumbnail","value":"/1/_/1_white_bg.jpeg"},{"attribute_code":"options_container","value":"container2"},{"attribute_code":"small_image_label","value":"raspberry lip balm"},{"attribute_code":"thumbnail_label","value":"raspberry lip balm"},{"attribute_code":"country_of_manufacture","value":"IN"},{"attribute_code":"url_key","value":"nourishing-tinted-100-natural-lip-balm-with-vitamin-e-and-raspberry-for-soft-supple-lips-4-g"},{"attribute_code":"msrp_display_actual_price_type","value":"0"},{"attribute_code":"gift_message_available","value":"2"},{"attribute_code":"swatch_image","value":"/1/_/1_white_bg.jpeg"},{"attribute_code":"attribute_label_1","value":"Why You’ll Love Our Lip Balm"},{"attribute_code":"attribute_label_2","value":"Hero Ingredients"},{"attribute_code":"attribute_label_3","value":"How to Use"},{"attribute_code":"attribute_label_4","value":"Who can Use"},{"attribute_code":"attribute_label_5","value":"Why Mamaearth"},{"attribute_code":"attribute_label_6","value":"Ingredient List"},{"attribute_code":"attribute_label_7","value":"FAQ's"},{"attribute_code":"best_before","value":"24 Months"},{"attribute_code":"dimensions","value":"10*5*5"},{"attribute_code":"mrp","value":"199"},{"attribute_code":"old_productid","value":"808"},{"attribute_code":"tags","value":"trending"},{"attribute_code":"marketed_by","value":"Honasa Consumer Limited, 10th and 11th Floor, Capital Cyberscape, Sector 59, Gurugram, Haryana, 122101"},{"attribute_code":"live_url","value":"https://mamaearth.in/product/nourishing-tinted-100-natural-lip-balm-with-vitamin-e-and-raspberry-for-soft-supple-lips-4-g"},{"attribute_code":"license_no","value":"UP16320000028"},{"attribute_code":"length","value":"10"},{"attribute_code":"google_category","value":"2915"},{"attribute_code":"cms_sequence","value":"1,2,3,4,5,6,7,8"},{"attribute_code":"width","value":"5"},{"attribute_code":"height","value":"5"},{"attribute_code":"breadcrumb_category","value":"56","title":"Lip Balm for Men and Women","url_key":"lip-balm"},{"attribute_code":"custom_product_type","value":"be_skin"},{"attribute_code":"brand","value":"4"},{"attribute_code":"product_card_tags","value":"12-Hour Moisturization | Makes Lips Soft \u0026 Supple"},{"attribute_code":"saving_scheme","value":"price_per_100_gm"},{"attribute_code":"product_subtitle_keys","value":"Buy 1 Get 1 FREE, Lip Balm"},{"attribute_code":"is_suitable_for_skin_type","value":"465","label":"normal"},{"attribute_code":"skin_goals","value":"467","label":"moisturization"},{"attribute_code":"tax_class_id","value":"2"},{"attribute_code":"create_scarcity","value":"0"},{"attribute_code":"hide_product_infront","value":"0"},{"attribute_code":"show_in_feed","value":"1"},{"attribute_code":"base_category","value":"88"},{"attribute_code":"base_sub_category","value":"75"},{"attribute_code":"show_price_per_unit","value":"1"},{"attribute_code":"volume","value":"4"},{"attribute_code":"enable_fbt_popup","value":"0"},{"attribute_code":"enable_product_for_wa_commerce","value":"0"},{"attribute_code":"strikethrough","value":"1"},{"attribute_code":"lip_balm_new","value":"439"},{"attribute_code":"short_description","value":"\u003cp\u003e\u003cspan style=\"font-weight: 400;\"\u003eKiss dry \u0026amp; chapped lips goodbye with Mamaearth Nourishing Tinted 100 % Natural Lip Balm. Crafted with the natural goodness of Vitamin E \u0026amp; Raspberry, the lip balm moisturizes your lips for up to 12 hours* and leaves a natural pink tint. Infused with Vitamin E, the lip balm helps fade pigmentation and moisturizes the lips while Raspberry soothes irritation and dryness. Easy on the pocket and gentle on the skin, the lip balm glides on your lips like a dream, adding oodles of moisture, leaving them soft, supple, and healthy. And here’s the best part! Our lip balm is 100% natural and Made Safe Certified which means no toxins or harmful chemicals, only nature’s goodness \u0026amp; care. \u003c/span\u003e\u003c/p\u003e\r\n\u003cp style=\"text-align: justify;\"\u003e \u003c/p\u003e\r\n\u003cp\u003e\u003cspan style=\"font-weight: 400;\"\u003e*Based on clinical studies of Olive Active Omega+ present in the product.\u003c/span\u003e\u003c/p\u003e"},{"attribute_code":"attribute_value_1","value":"\u003cdiv class=\"list-banner\"\u003e\u003cimg src=\"https://images.mamaearth.in/wysiwyg/Raspberry_lipbalm.jpg\" alt=\"Nourishing Tinted 100% Natural Lip Balm with Vitamin E and Raspberry \" /\u003e\r\n\u003cp style=\"text-align: center;\"\u003eNourishing Tinted 100% Natural Lip Balm with Vitamin E and Raspberry\u003c/p\u003e\r\n\u003c/div\u003e"},{"attribute_code":"attribute_value_2","value":"\u003cul class=\"woodmart-list\"\u003e\r\n\u003cli\u003e\r\n\u003cdiv class=\"list-icon\"\u003e\u003cimg loading=\"lazy\" src=\"https://images.mamaearth.in/wysiwyg/14-10-2022/Picture1.png\" alt=\"Mamaearth Vitamin C Tinted 100% Natural Lip Balm\" /\u003e\u003c/div\u003e\r\n\u003cspan class=\"list-content\" style=\"text-align: justify;\"\u003e\u003cstrong\u003eVitamin E: \u003c/strong\u003e A powerful antioxidant, it nourishes lips \u0026amp; helps prevent pigmentation. \u003c/span\u003e\u003c/li\u003e\r\n\u003cli\u003e\r\n\u003cdiv class=\"list-icon\"\u003e\u003cimg loading=\"lazy\" src=\"https://images.mamaearth.in/wysiwyg/14-10-2022/Picture3.jpg\" alt=\"Vitamin C Tinted Lip Balm with Coconut oil\" /\u003e\u003c/div\u003e\r\n\u003cspan class=\"list-content\" style=\"text-align: justify;\"\u003e\u003cstrong\u003eRaspberry: \u003c/strong\u003e It soothes irritation and dryness while moisturizing the lips.\u003c/span\u003e\u003c/li\u003e\r\n\u003c/ul\u003e"},{"attribute_code":"attribute_value_3","value":"\u003cul\u003e\r\n\u003cli\u003e\u003cspan class=\"list-content\"\u003e\u003cstrong\u003eStep 1 : \u003c/strong\u003eGlide the lip balm evenly on your lips. \u003c/span\u003e\u003c/li\u003e\r\n\u003cli\u003e\u003cspan class=\"list-content\"\u003e\u003cstrong\u003eStep 2 : \u003c/strong\u003eSmack your lips for an even application.\u003c/span\u003e\u003c/li\u003e\r\n\u003cli\u003e\u003cspan class=\"list-content\"\u003e\u003cstrong\u003eStep 3 : \u003c/strong\u003eUse as often as needed.\u003c/span\u003e\u003c/li\u003e\r\n\u003c/ul\u003e"},{"attribute_code":"attribute_value_4","value":"\u003cul style=\"list-style: disc; padding-left: 1em;\"\u003e\r\n\u003cli\u003e\u003cspan class=\"list-content\"\u003eEveryone above 18 years of age can use this\u003c/span\u003e\u003c/li\u003e\r\n\u003cli\u003e\u003cspan class=\"list-content\"\u003e Nourishing 100% Natural Lip Balm is suitable for all skin types\u003c/span\u003e\u003c/li\u003e\r\n\u003c/ul\u003e"},{"attribute_code":"attribute_value_5","value":"\u003cul class=\"compare-list\"\u003e\r\n\u003cli\u003e\r\n\u003cul\u003e\r\n\u003cli\u003eIntensely Nourishing\u003c/li\u003e\r\n\u003cli\u003eGives Soft \u0026amp; Supple Lips\u003c/li\u003e\r\n\u003cli\u003e100% Natural\u003c/li\u003e\r\n\u003cli\u003eMade Safe Certified\u003c/li\u003e\r\n\u003cli\u003eGive You A Natural Tint\u003c/li\u003e\r\n\u003cli\u003eToxin Free\u003c/li\u003e\r\n\u003cli\u003eNo Harmful Chemicals\u003c/li\u003e\r\n\u003cli\u003eSuitable for All\u003c/li\u003e\r\n\u003c/ul\u003e\r\n\u003c/li\u003e\r\n\u003cli\u003e\r\n\u003cul\u003e\r\n\u003cli\u003eDoesn’t Nourish Lips\u003c/li\u003e\u003cli\u003e\r\nMakes Lips Dry\u003c/li\u003e\u003cli\u003e\r\nNot Certified By Made Safe\u003c/li\u003e\u003cli\u003e\r\nContains Artificial Colors\u003c/li\u003e\u003cli\u003e\r\nContains Toxins\u003c/li\u003e\u003cli\u003e\r\nContains Harmful Chemicals\u003c/li\u003e\u003cli\u003e\r\nNot Suitable for All\r\n\u003c/li\u003e\r\n\u003c/ul\u003e\r\n\u003c/li\u003e\r\n\u003c/ul\u003e"},{"attribute_code":"attribute_value_6","value":"\u003ctable\u003e\r\n\u003ctbody\u003e\r\n\u003ctr\u003e\r\n\u003ctd\u003e\r\n\u003cp\u003e\u003cstrong\u003eIngredients\u003c/strong\u003e\u003c/p\u003e\r\n\u003c/td\u003e\r\n\u003ctd\u003e\r\n\u003cp\u003e\u003cstrong\u003eType\u003c/strong\u003e\u003c/p\u003e\r\n\u003c/td\u003e\r\n\u003ctd\u003e\r\n\u003cp\u003e\u003cstrong\u003eWhere Is It From?\u003c/strong\u003e\u003c/p\u003e\r\n\u003c/td\u003e\r\n\u003ctd\u003e\r\n\u003cp\u003e\u003cstrong\u003eHow It Helps?\u003c/strong\u003e\u003c/p\u003e\r\n\u003c/td\u003e\r\n\u003c/tr\u003e\r\n\u003ctr\u003e\r\n\u003ctd\u003e\r\n\u003cp\u003e\u003cspan style=\"font-weight: 400;\"\u003eCoconut Oil\u003c/span\u003e\u003c/p\u003e\r\n\u003c/td\u003e\r\n\u003ctd\u003e\r\n\u003cp\u003e\u003cspan style=\"font-weight: 400;\"\u003eNatural\u003c/span\u003e\u003c/p\u003e\r\n\u003c/td\u003e\r\n\u003ctd\u003e\r\n\u003cp\u003e\u003cspan style=\"font-weight: 400;\"\u003ePlant-Based\u003c/span\u003e\u003c/p\u003e\r\n\u003c/td\u003e\r\n\u003ctd\u003e\r\n\u003cp\u003e\u003cspan style=\"font-weight: 400;\"\u003eEmollient\u003c/span\u003e\u003c/p\u003e\r\n\u003c/td\u003e\r\n\u003c/tr\u003e\r\n\u003ctr\u003e\r\n\u003ctd\u003e\r\n\u003cp\u003e\u003cspan style=\"font-weight: 400;\"\u003eShea Butter\u003c/span\u003e\u003c/p\u003e\r\n\u003c/td\u003e\r\n\u003ctd\u003e\r\n\u003cp\u003e\u003cspan style=\"font-weight: 400;\"\u003eNatural\u003c/span\u003e\u003c/p\u003e\r\n\u003c/td\u003e\r\n\u003ctd\u003e\r\n\u003cp\u003e\u003cspan style=\"font-weight: 400;\"\u003ePlant-Based\u003c/span\u003e\u003c/p\u003e\r\n\u003c/td\u003e\r\n\u003ctd\u003e\r\n\u003cp\u003e\u003cspan style=\"font-weight: 400;\"\u003eEmollient\u003c/span\u003e\u003c/p\u003e\r\n\u003c/td\u003e\r\n\u003c/tr\u003e\r\n\u003ctr\u003e\r\n\u003ctd\u003e\r\n\u003cp\u003e\u003cspan style=\"font-weight: 400;\"\u003eCastor Seed Oil\u003c/span\u003e\u003c/p\u003e\r\n\u003c/td\u003e\r\n\u003ctd\u003e\r\n\u003cp\u003e\u003cspan style=\"font-weight: 400;\"\u003eNatural\u003c/span\u003e\u003c/p\u003e\r\n\u003c/td\u003e\r\n\u003ctd\u003e\r\n\u003cp\u003e\u003cspan style=\"font-weight: 400;\"\u003ePlant-Based\u003c/span\u003e\u003c/p\u003e\r\n\u003c/td\u003e\r\n\u003ctd\u003e\r\n\u003cp\u003e\u003cspan style=\"font-weight: 400;\"\u003eEmollient\u003c/span\u003e\u003c/p\u003e\r\n\u003c/td\u003e\r\n\u003c/tr\u003e\r\n\u003ctr\u003e\r\n\u003ctd\u003e\r\n\u003cp\u003e\u003cspan style=\"font-weight: 400;\"\u003eCandelilla Wax\u003c/span\u003e\u003c/p\u003e\r\n\u003c/td\u003e\r\n\u003ctd\u003e\r\n\u003cp\u003e\u003cspan style=\"font-weight: 400;\"\u003eNatural\u003c/span\u003e\u003c/p\u003e\r\n\u003c/td\u003e\r\n\u003ctd\u003e\r\n\u003cp\u003e\u003cspan style=\"font-weight: 400;\"\u003ePlant-Based \u003c/span\u003e\u003c/p\u003e\r\n\u003c/td\u003e\r\n\u003ctd\u003e\r\n\u003cp\u003e\u003cspan style=\"font-weight: 400;\"\u003eEmollient\u003c/span\u003e\u003c/p\u003e\r\n\u003c/td\u003e\r\n\u003c/tr\u003e\r\n\u003ctr\u003e\r\n\u003ctd\u003e\r\n\u003cp\u003e\u003cspan style=\"font-weight: 400;\"\u003eCocoa Butter\u003c/span\u003e\u003c/p\u003e\r\n\u003c/td\u003e\r\n\u003ctd\u003e\r\n\u003cp\u003e\u003cspan style=\"font-weight: 400;\"\u003eNatural\u003c/span\u003e\u003c/p\u003e\r\n\u003c/td\u003e\r\n\u003ctd\u003e\r\n\u003cp\u003e\u003cspan style=\"font-weight: 400;\"\u003ePlant-Based\u003c/span\u003e\u003c/p\u003e\r\n\u003c/td\u003e\r\n\u003ctd\u003e\r\n\u003cp\u003e\u003cspan style=\"font-weight: 400;\"\u003eAntioxidant\u003c/span\u003e\u003c/p\u003e\r\n\u003c/td\u003e\r\n\u003c/tr\u003e\r\n\u003ctr\u003e\r\n\u003ctd\u003e\r\n\u003cp\u003e\u003cspan style=\"font-weight: 400;\"\u003eAlmond Oil\u003c/span\u003e\u003c/p\u003e\r\n\u003c/td\u003e\r\n\u003ctd\u003e\r\n\u003cp\u003e\u003cspan style=\"font-weight: 400;\"\u003eNatural\u003c/span\u003e\u003c/p\u003e\r\n\u003c/td\u003e\r\n\u003ctd\u003e\r\n\u003cp\u003e\u003cspan style=\"font-weight: 400;\"\u003ePlant-Based\u003c/span\u003e\u003c/p\u003e\r\n\u003c/td\u003e\r\n\u003ctd\u003e\r\n\u003cp\u003e\u003cspan style=\"font-weight: 400;\"\u003eEmollient\u003c/span\u003e\u003c/p\u003e\r\n\u003c/td\u003e\r\n\u003c/tr\u003e\r\n\u003ctr\u003e\r\n\u003ctd\u003e\r\n\u003cp\u003e\u003cspan style=\"font-weight: 400;\"\u003eJojoba Oil\u003c/span\u003e\u003c/p\u003e\r\n\u003c/td\u003e\r\n\u003ctd\u003e\r\n\u003cp\u003e\u003cspan style=\"font-weight: 400;\"\u003eNatural\u003c/span\u003e\u003c/p\u003e\r\n\u003c/td\u003e\r\n\u003ctd\u003e\r\n\u003cp\u003e\u003cspan style=\"font-weight: 400;\"\u003ePlant-Based\u003c/span\u003e\u003c/p\u003e\r\n\u003c/td\u003e\r\n\u003ctd\u003e\r\n\u003cp\u003e\u003cspan style=\"font-weight: 400;\"\u003eMoisturizer\u003c/span\u003e\u003c/p\u003e\r\n\u003c/td\u003e\r\n\u003c/tr\u003e\r\n\u003ctr\u003e\r\n\u003ctd\u003e\r\n\u003cp\u003e\u003cspan style=\"font-weight: 400;\"\u003eOlive Oil\u003c/span\u003e\u003c/p\u003e\r\n\u003c/td\u003e\r\n\u003ctd\u003e\r\n\u003cp\u003e\u003cspan style=\"font-weight: 400;\"\u003eNatural\u003c/span\u003e\u003c/p\u003e\r\n\u003c/td\u003e\r\n\u003ctd\u003e\r\n\u003cp\u003e\u003cspan style=\"font-weight: 400;\"\u003ePlant-Based\u003c/span\u003e\u003c/p\u003e\r\n\u003c/td\u003e\r\n\u003ctd\u003e\r\n\u003cp\u003e\u003cspan style=\"font-weight: 400;\"\u003eMoisturizer\u003c/span\u003e\u003c/p\u003e\r\n\u003c/td\u003e\r\n\u003c/tr\u003e\r\n\u003ctr\u003e\r\n\u003ctd\u003e\r\n\u003cp\u003e\u003cspan style=\"font-weight: 400;\"\u003eCalendula Oil\u003c/span\u003e\u003c/p\u003e\r\n\u003c/td\u003e\r\n\u003ctd\u003e\r\n\u003cp\u003e\u003cspan style=\"font-weight: 400;\"\u003eNatural\u003c/span\u003e\u003c/p\u003e\r\n\u003c/td\u003e\r\n\u003ctd\u003e\r\n\u003cp\u003e\u003cspan style=\"font-weight: 400;\"\u003ePlant-Based\u003c/span\u003e\u003c/p\u003e\r\n\u003c/td\u003e\r\n\u003ctd\u003e\r\n\u003cp\u003e\u003cspan style=\"font-weight: 400;\"\u003eEmollient\u003c/span\u003e\u003c/p\u003e\r\n\u003c/td\u003e\r\n\u003c/tr\u003e\r\n\u003ctr\u003e\r\n\u003ctd\u003e\r\n\u003cp\u003e\u003cspan style=\"font-weight: 400;\"\u003eCarnauba Wax\u003c/span\u003e\u003c/p\u003e\r\n\u003c/td\u003e\r\n\u003ctd\u003e\r\n\u003cp\u003e\u003cspan style=\"font-weight: 400;\"\u003eNatural\u003c/span\u003e\u003c/p\u003e\r\n\u003c/td\u003e\r\n\u003ctd\u003e\r\n\u003cp\u003e\u003cspan style=\"font-weight: 400;\"\u003ePlant-Based\u003c/span\u003e\u003c/p\u003e\r\n\u003c/td\u003e\r\n\u003ctd\u003e\r\n\u003cp\u003e\u003cspan style=\"font-weight: 400;\"\u003eMoisturizer\u003c/span\u003e\u003c/p\u003e\r\n\u003c/td\u003e\r\n\u003c/tr\u003e\r\n\u003ctr\u003e\r\n\u003ctd\u003e\r\n\u003cp\u003e\u003cspan style=\"font-weight: 400;\"\u003eArgan Oil\u003c/span\u003e\u003c/p\u003e\r\n\u003c/td\u003e\r\n\u003ctd\u003e\r\n\u003cp\u003e\u003cspan style=\"font-weight: 400;\"\u003eNatural\u003c/span\u003e\u003c/p\u003e\r\n\u003c/td\u003e\r\n\u003ctd\u003e\r\n\u003cp\u003e\u003cspan style=\"font-weight: 400;\"\u003ePlant-Based\u003c/span\u003e\u003c/p\u003e\r\n\u003c/td\u003e\r\n\u003ctd\u003e\r\n\u003cp\u003e\u003cspan style=\"font-weight: 400;\"\u003eEmollient\u003c/span\u003e\u003c/p\u003e\r\n\u003c/td\u003e\r\n\u003c/tr\u003e\r\n\u003ctr\u003e\r\n\u003ctd\u003e\r\n\u003cp\u003e\u003cspan style=\"font-weight: 400;\"\u003eDicaprylyl Carbonate\u003c/span\u003e\u003c/p\u003e\r\n\u003c/td\u003e\r\n\u003ctd\u003e\r\n\u003cp\u003e\u003cspan style=\"font-weight: 400;\"\u003eNatural\u003c/span\u003e\u003c/p\u003e\r\n\u003c/td\u003e\r\n\u003ctd\u003e\r\n\u003cp\u003e\u003cspan style=\"font-weight: 400;\"\u003ePlant-Based\u003c/span\u003e\u003c/p\u003e\r\n\u003c/td\u003e\r\n\u003ctd\u003e\r\n\u003cp\u003e\u003cspan style=\"font-weight: 400;\"\u003eEmollient\u003c/span\u003e\u003c/p\u003e\r\n\u003c/td\u003e\r\n\u003c/tr\u003e\r\n\u003ctr\u003e\r\n\u003ctd\u003e\r\n\u003cp\u003e\u003cspan style=\"font-weight: 400;\"\u003eCetearyl Olivate\u003c/span\u003e\u003c/p\u003e\r\n\u003c/td\u003e\r\n\u003ctd\u003e\r\n\u003cp\u003e\u003cspan style=\"font-weight: 400;\"\u003eNatural\u003c/span\u003e\u003c/p\u003e\r\n\u003c/td\u003e\r\n\u003ctd\u003e\r\n\u003cp\u003e\u003cspan style=\"font-weight: 400;\"\u003ePlant-Based\u003c/span\u003e\u003c/p\u003e\r\n\u003c/td\u003e\r\n\u003ctd\u003e\r\n\u003cp\u003e\u003cspan style=\"font-weight: 400;\"\u003eEmulsifier\u003c/span\u003e\u003c/p\u003e\r\n\u003c/td\u003e\r\n\u003c/tr\u003e\r\n\u003ctr\u003e\r\n\u003ctd\u003e\r\n\u003cp\u003e\u003cspan style=\"font-weight: 400;\"\u003eSorbitan Olivate\u003c/span\u003e\u003c/p\u003e\r\n\u003c/td\u003e\r\n\u003ctd\u003e\r\n\u003cp\u003e\u003cspan style=\"font-weight: 400;\"\u003eNatural\u003c/span\u003e\u003c/p\u003e\r\n\u003c/td\u003e\r\n\u003ctd\u003e\r\n\u003cp\u003e\u003cspan style=\"font-weight: 400;\"\u003ePlant-Based\u003c/span\u003e\u003c/p\u003e\r\n\u003c/td\u003e\r\n\u003ctd\u003e\r\n\u003cp\u003e\u003cspan style=\"font-weight: 400;\"\u003eMoisturizer\u003c/span\u003e\u003c/p\u003e\r\n\u003c/td\u003e\r\n\u003c/tr\u003e\r\n\u003ctr\u003e\r\n\u003ctd\u003e\r\n\u003cp\u003e\u003cspan style=\"font-weight: 400;\"\u003eHydrolysed Milk Protein\u003c/span\u003e\u003c/p\u003e\r\n\u003c/td\u003e\r\n\u003ctd\u003e\r\n\u003cp\u003e\u003cspan style=\"font-weight: 400;\"\u003eNatural\u003c/span\u003e\u003c/p\u003e\r\n\u003c/td\u003e\r\n\u003ctd\u003e\r\n\u003cp\u003e\u003cspan style=\"font-weight: 400;\"\u003eMilk\u003c/span\u003e\u003c/p\u003e\r\n\u003c/td\u003e\r\n\u003ctd\u003e\r\n\u003cp\u003e\u003cspan style=\"font-weight: 400;\"\u003eMoisturizer\u003c/span\u003e\u003c/p\u003e\r\n\u003c/td\u003e\r\n\u003c/tr\u003e\r\n\u003ctr\u003e\r\n\u003ctd\u003e\r\n\u003cp\u003e\u003cspan style=\"font-weight: 400;\"\u003eVitamin E\u003c/span\u003e\u003c/p\u003e\r\n\u003c/td\u003e\r\n\u003ctd\u003e\r\n\u003cp\u003e\u003cspan style=\"font-weight: 400;\"\u003eNatural\u003c/span\u003e\u003c/p\u003e\r\n\u003c/td\u003e\r\n\u003ctd\u003e\r\n\u003cp\u003e\u003cspan style=\"font-weight: 400;\"\u003ePlant-Based\u003c/span\u003e\u003c/p\u003e\r\n\u003c/td\u003e\r\n\u003ctd\u003e\r\n\u003cp\u003e\u003cspan style=\"font-weight: 400;\"\u003eAntioxidant\u003c/span\u003e\u003c/p\u003e\r\n\u003c/td\u003e\r\n\u003c/tr\u003e\r\n\u003ctr\u003e\r\n\u003ctd\u003e\r\n\u003cp\u003e\u003cspan style=\"font-weight: 400;\"\u003eCalendula Extract\u003c/span\u003e\u003c/p\u003e\r\n\u003c/td\u003e\r\n\u003ctd\u003e\r\n\u003cp\u003e\u003cspan style=\"font-weight: 400;\"\u003eNatural\u003c/span\u003e\u003c/p\u003e\r\n\u003c/td\u003e\r\n\u003ctd\u003e\r\n\u003cp\u003e\u003cspan style=\"font-weight: 400;\"\u003ePlant-Based \u003c/span\u003e\u003c/p\u003e\r\n\u003c/td\u003e\r\n\u003ctd\u003e\r\n\u003cp\u003e\u003cspan style=\"font-weight: 400;\"\u003eEmollient\u003c/span\u003e\u003c/p\u003e\r\n\u003c/td\u003e\r\n\u003c/tr\u003e\r\n\u003ctr\u003e\r\n\u003ctd\u003e\r\n\u003cp\u003e\u003cspan style=\"font-weight: 400;\"\u003eCherry Extract\u003c/span\u003e\u003c/p\u003e\r\n\u003c/td\u003e\r\n\u003ctd\u003e\r\n\u003cp\u003e\u003cspan style=\"font-weight: 400;\"\u003eNatural\u003c/span\u003e\u003c/p\u003e\r\n\u003c/td\u003e\r\n\u003ctd\u003e\r\n\u003cp\u003e\u003cspan style=\"font-weight: 400;\"\u003ePlant-Based \u003c/span\u003e\u003c/p\u003e\r\n\u003c/td\u003e\r\n\u003ctd\u003e\r\n\u003cp\u003e\u003cspan style=\"font-weight: 400;\"\u003eAntioxidant\u003c/span\u003e\u003c/p\u003e\r\n\u003c/td\u003e\r\n\u003c/tr\u003e\r\n\u003ctr\u003e\r\n\u003ctd\u003e\r\n\u003cp\u003e\u003cspan style=\"font-weight: 400;\"\u003eManjistha Extract\u003c/span\u003e\u003c/p\u003e\r\n\u003c/td\u003e\r\n\u003ctd\u003e\r\n\u003cp\u003e\u003cspan style=\"font-weight: 400;\"\u003eNatural\u003c/span\u003e\u003c/p\u003e\r\n\u003c/td\u003e\r\n\u003ctd\u003e\r\n\u003cp\u003e\u003cspan style=\"font-weight: 400;\"\u003ePlant-Based \u003c/span\u003e\u003c/p\u003e\r\n\u003c/td\u003e\r\n\u003ctd\u003e\r\n\u003cp\u003e\u003cspan style=\"font-weight: 400;\"\u003eAntioxidant\u003c/span\u003e\u003c/p\u003e\r\n\u003c/td\u003e\r\n\u003c/tr\u003e\r\n\u003ctr\u003e\r\n\u003ctd\u003e\r\n\u003cp\u003e\u003cspan style=\"font-weight: 400;\"\u003eRaspberry Extract\u003c/span\u003e\u003c/p\u003e\r\n\u003c/td\u003e\r\n\u003ctd\u003e\r\n\u003cp\u003e\u003cspan style=\"font-weight: 400;\"\u003eNatural\u003c/span\u003e\u003c/p\u003e\r\n\u003c/td\u003e\r\n\u003ctd\u003e\r\n\u003cp\u003e\u003cspan style=\"font-weight: 400;\"\u003ePlant-Based \u003c/span\u003e\u003c/p\u003e\r\n\u003c/td\u003e\r\n\u003ctd\u003e\r\n\u003cp\u003e\u003cspan style=\"font-weight: 400;\"\u003eAntioxidant\u003c/span\u003e\u003c/p\u003e\r\n\u003c/td\u003e\r\n\u003c/tr\u003e\r\n\u003ctr\u003e\r\n\u003ctd\u003e\r\n\u003cp\u003e\u003cspan style=\"font-weight: 400;\"\u003eOleic Acid\u003c/span\u003e\u003c/p\u003e\r\n\u003c/td\u003e\r\n\u003ctd\u003e\r\n\u003cp\u003e\u003cspan style=\"font-weight: 400;\"\u003eNatural\u003c/span\u003e\u003c/p\u003e\r\n\u003c/td\u003e\r\n\u003ctd\u003e\r\n\u003cp\u003e\u003cspan style=\"font-weight: 400;\"\u003ePlant-Based \u003c/span\u003e\u003c/p\u003e\r\n\u003c/td\u003e\r\n\u003ctd\u003e\r\n\u003cp\u003e\u003cspan style=\"font-weight: 400;\"\u003ePreservative\u003c/span\u003e\u003c/p\u003e\r\n\u003c/td\u003e\r\n\u003c/tr\u003e\r\n\u003ctr\u003e\r\n\u003ctd\u003e\r\n\u003cp\u003e\u003cspan style=\"font-weight: 400;\"\u003eLinolenic Acid\u003c/span\u003e\u003c/p\u003e\r\n\u003c/td\u003e\r\n\u003ctd\u003e\r\n\u003cp\u003e\u003cspan style=\"font-weight: 400;\"\u003eNatural\u003c/span\u003e\u003c/p\u003e\r\n\u003c/td\u003e\r\n\u003ctd\u003e\r\n\u003cp\u003e\u003cspan style=\"font-weight: 400;\"\u003ePlant-Based \u003c/span\u003e\u003c/p\u003e\r\n\u003c/td\u003e\r\n\u003ctd\u003e\r\n\u003cp\u003e\u003cspan style=\"font-weight: 400;\"\u003eReduces Inflammation\u003c/span\u003e\u003c/p\u003e\r\n\u003c/td\u003e\r\n\u003c/tr\u003e\r\n\u003ctr\u003e\r\n\u003ctd\u003e\r\n\u003cp\u003e\u003cspan style=\"font-weight: 400;\"\u003eHydroxytyrosol\u003c/span\u003e\u003c/p\u003e\r\n\u003c/td\u003e\r\n\u003ctd\u003e\r\n\u003cp\u003e\u003cspan style=\"font-weight: 400;\"\u003eNatural\u003c/span\u003e\u003c/p\u003e\r\n\u003c/td\u003e\r\n\u003ctd\u003e\r\n\u003cp\u003e\u003cspan style=\"font-weight: 400;\"\u003ePlant-Based \u003c/span\u003e\u003c/p\u003e\r\n\u003c/td\u003e\r\n\u003ctd\u003e\r\n\u003cp\u003e\u003cspan style=\"font-weight: 400;\"\u003eUV Protection\u003c/span\u003e\u003c/p\u003e\r\n\u003c/td\u003e\r\n\u003c/tr\u003e\r\n\u003ctr\u003e\r\n\u003ctd\u003e\r\n\u003cp\u003e\u003cspan style=\"font-weight: 400;\"\u003eMaslinic Acid\u003c/span\u003e\u003c/p\u003e\r\n\u003c/td\u003e\r\n\u003ctd\u003e\r\n\u003cp\u003e\u003cspan style=\"font-weight: 400;\"\u003eNatural\u003c/span\u003e\u003c/p\u003e\r\n\u003c/td\u003e\r\n\u003ctd\u003e\r\n\u003cp\u003e\u003cspan style=\"font-weight: 400;\"\u003ePlant-Based \u003c/span\u003e\u003c/p\u003e\r\n\u003c/td\u003e\r\n\u003ctd\u003e\r\n\u003cp\u003e\u003cspan style=\"font-weight: 400;\"\u003eReduces Inflammation\u003c/span\u003e\u003c/p\u003e\r\n\u003c/td\u003e\r\n\u003c/tr\u003e\r\n\u003ctr\u003e\r\n\u003ctd\u003e\r\n\u003cp\u003e\u003cspan style=\"font-weight: 400;\"\u003eOleanolic Acid\u003c/span\u003e\u003c/p\u003e\r\n\u003c/td\u003e\r\n\u003ctd\u003e\r\n\u003cp\u003e\u003cspan style=\"font-weight: 400;\"\u003eNatural\u003c/span\u003e\u003c/p\u003e\r\n\u003c/td\u003e\r\n\u003ctd\u003e\r\n\u003cp\u003e\u003cspan style=\"font-weight: 400;\"\u003ePlant-Based \u003c/span\u003e\u003c/p\u003e\r\n\u003c/td\u003e\r\n\u003ctd\u003e\r\n\u003cp\u003e\u003cspan style=\"font-weight: 400;\"\u003eSoothing Agent\u003c/span\u003e\u003c/p\u003e\r\n\u003c/td\u003e\r\n\u003c/tr\u003e\r\n\u003c/tbody\u003e\r\n\u003c/table\u003e"},{"attribute_code":"attribute_value_7","value":"\u003cdiv id=\"faqs\"\u003e\r\n\u003cp\u003eIs the Lip Balm Suitable for Sensitive Lips?\u003c/p\u003e\r\n\u003cp\u003eYes. Mamaearth Nourishing 100% Natural Lip Balm is enriched with hydrating \u0026amp; nourishing ingredients that heal dry and chapped lips while keeping them nourished throughout the day.\u003c/p\u003e\r\n\u003cp\u003eCan I Use It As A Base For My Lipstick?\u003c/p\u003e\r\n\u003cp\u003eYes. Enriched with a creamy texture, the lip balm not only moisturizes your lips but also offers a hydrating base for smooth application of your favorite lipstick.\u003c/p\u003e\r\n\u003cp\u003eCan I Use it At Night?\u003c/p\u003e\r\n\u003cp\u003eYes, you can use it at any time of the day.\u003c/p\u003e\r\n\u003cp\u003eWill This Give a Glossy Effect to The Lips?\u003c/p\u003e\r\n\u003cp\u003eYes, the Nourishing 100% Natural Lip Balm gives your lips a natural sheen.\u003c/p\u003e\r\n\u003cp\u003eShould we keep our natural lip balm in fridge?\u003c/p\u003e\r\n\u003cp\u003eIdeally, a lip balm should be stored away from a light and in a cool and dry place. When balm is stored at room temperature during the summer, its thick texture dissolves. Therefore, keeping it in the refrigerator helps preserve its solid state and any natural elements present in it.\u003c/p\u003e\r\n\u003cp\u003eHow can I moisturize my lips naturally?\u003c/p\u003e\r\n\u003cp\u003eThe best way to moisturize your lips naturally is to apply hydrating ingredients and foster healing. You may apply glycerin, rose water, or even Ghee to treat dry and chapped lips. You may also use a lip moisturizer or balm multiple times a day, especially before going to bed. It helps seal in moisture longer than other waxes or oils. For instance, Mamaearth Nourishing Tinted 100% Natural Lip Balm with Vitamin E and Raspberry. It helps heal chapped and dry lips, offers 12 hours of moisturization, and gives a natural pink tint. It also helps \u003cbr /\u003efade hyperpigmentation for pink, bright lips.\u003c/p\u003e\r\n\u003cp\u003eWhat can I use as a natural lip balm?\u003c/p\u003e\r\n\u003cp\u003eYou may use natural and gentle ingredients for lips, such as shea butter, coconut oil, almond oil, vitamin E, honey, rose water, glycerin, etc. These ingredients help moisturize and heal chapped lips without being irritating. Alternatively, you may also use Mamaearth Nourishing Tinted 100% Natural Lip Balm, which is filled with the nourishing properties of Vitamin E and Raspberry for soft and supple lips. It leaves your lips naturally pink and offers 12 hours of moisturization. The lip balm's Vitamin E infusion lightens discoloration and hydrates lips, while Raspberry Extract relieves dryness and irritation. It is all-natural and MadeSafe Certified, best to use every day.\u003c/p\u003e\r\n\u003cp\u003eHow to take care of lips in winter naturally?\u003c/p\u003e\r\n\u003cp\u003eHere are a few essential tips and tricks to naturally care for your lips in winter. Never pick, chew, rub, or lick your lips. Remain hydrated and drink lots of water. Steer clear of chemical-intensive lip care essentials. It is best to choose skin-safe and natural ingredients. Adhere to a daily routine: scrub and moisturize your lips. Keep them from being overexposed to the sun. You may also use a nourishing lip balm, such as Mamaearth Nourishing Tinted 100% Natural Lip Balm. It is a MadeSafe Certified lip care essential that offers 12 hours of moisturization while leaving you with soft, pink lips. It features Vitamin E \u0026amp; Raspberry that seals in moisture, glides effortlessly on the lips, and fades discoloration. \u003cbr /\u003eDevoid of any harsh chemicals or toxins, it is safe to use every day.\u003c/p\u003e\r\n\u003cp\u003eHow do you keep your lips healthy?\u003c/p\u003e\r\n\u003cp\u003eFollowing are some key pointers to remember on how to take care of your lips naturally. It is recommended not to pluck or chew the lips. Likely, this happens due to dehydration, so ensure that you keep yourself hydrated and drink at least two to four liters of water every day. Avoid using too many products in your lip regimens; instead, choose natural, safe lip care essentials. Experts also suggest using moisturizing products containing hydrating ingredients that penetrate the skin to aid healing. Emollients like shea butter, cocoa butter, vitamin E, and glycerine can also help. So start with using nourishing lip care essentials twice or thrice a day to take care of your lips.\u003c/p\u003e\r\n\u003c/div\u003e"},{"attribute_code":"tag_keywords","value":"Lip Balm,100% Natural,Gentle,Intense Nourishment,Raspberry, Vitamin E,Nourishing,Hydrating,Soothing,Cruelty-Free,Made Safe Certified ,Toxin-Free,No Harmful Chemicals "},{"attribute_code":"meta_keyword","value":"Lip Balm,100% Natural,Gentle,Intense Nourishment,Raspberry, Vitamin E,Nourishing,Hydrating,Soothing,Cruelty-Free,Made Safe Certified ,Toxin-Free,No Harmful Chemicals "},{"attribute_code":"special_price","value":null},{"attribute_code":"special_from_date","value":"2023-03-11 18:53:00"}],"hide_in_front":0,"image":"/1/_/1_white_bg.jpeg","is_in_stock":true,"name":"Nourishing Tinted 100% Natural Lip Balm with Vitamin E and Raspberry for Dry \u0026 Chapped Lips - 4 g","position":"8","price":"199.00","product_card_tags":"12-Hour Moisturization | Makes Lips Soft \u0026 Supple","review_count":81,"sku":"8904417303315","special_price":"","special_price_from_date":{"date":"2023-03-12 00:23:00","timezone_type":3,"timezone":"Asia/Kolkata"},"tags":"trending","url_key":"nourishing-tinted-100-natural-lip-balm-with-vitamin-e-and-raspberry-for-soft-supple-lips-4-g","imageAltTags":[],"configurable_option":{"attribute_id":330,"option_id":439,"attribute_label":"Lip-Balm-New","title":"Raspberry","swatch_data":{"swatch_id":670,"option_id":439,"store_id":1,"type":0,"value":"Raspberry"}},"siblings":[{"id":693,"sku":"8904417303308","name":"Nourishing Tinted 100% Natural Lip Balm with Vitamin E and Strawberry for Dry \u0026 Chapped Lips - 4 g","url_key":"nourishing-tinted-100-natural-lip-balm-with-vitamin-e-and-strawberry-for-soft-supple-lips-4-g","price":"199.00","is_in_stock":true,"custom_attributes":[{"attribute_code":"saving_scheme","value":"price_per_100_gm"},{"attribute_code":"volume","value":"4"}],"special_price":"","parent_id":1483,"attribute_id":330,"option_id":438,"parent_sku":"23456789","attribute_label":"Lip-Balm-New","title":"Strawberry","swatch_data":{"swatch_id":668,"option_id":438,"store_id":1,"type":0,"value":"Strawberry"},"special_from_date":{"date":"2024-05-10 13:09:00","timezone_type":3,"timezone":"Asia/Kolkata"}},{"id":691,"sku":"8904417303322","name":"Nourishing 100% Natural Lip Balm with Vitamin E and Shea Butter for Soft \u0026 Supple Lips - 4 g","url_key":"nourishing-100-natural-lip-balm-with-vitamin-e-and-shea-butter-for-soft-supple-lips-4-g","price":"149.00","is_in_stock":true,"custom_attributes":[{"attribute_code":"saving_scheme","value":"price_per_100_gm"},{"attribute_code":"volume","value":"4"}],"special_price":"","parent_id":1483,"attribute_id":330,"option_id":440,"parent_sku":"23456789","attribute_label":"Lip-Balm-New","title":"Shea Butter","swatch_data":{"swatch_id":672,"option_id":440,"store_id":1,"type":0,"value":"Shea Butter"},"special_from_date":{"date":"2024-05-10 13:09:00","timezone_type":3,"timezone":"Asia/Kolkata"}}],"product_subtitle_keys":["Buy 1 Get 1 FREE"," Lip Balm"],"size":"4g","unitPrice":"49.75/g","old_productid":"808","generic_name":null}]},{"categId":97,"title":"New Launches","description":"\u003cp\u003eExplore the goodness of nature from Mamaearth. Take a look at our newly launched toxin-free and natural products for hair, skin, and babies\u003c/p\u003e","position":8,"shopLink":"/product-category/new-launches","products":[{"id":1572,"tier_prices":[],"categories":[2,5,45,216,342,21,26,97,380,386],"created_at":"2025-03-24 10:04:31","custom_attributes":[{"attribute_code":"manufacturer","value":"Indo Herbal Products, Unit - 2, Plot No. 28-29, Sector 1B, IIE, SIDCUL, Ranipur, Haridwar, Uttarakhand, India - 249403. "},{"attribute_code":"meta_title","value":"Tea Tree Oil Control Face Pack with Tea Tree \u0026 Salicylic Acid for Normal to Oily Skin - 200 g"},{"attribute_code":"meta_description","value":"Tea Tree Oil Control Face Pack with Tea Tree \u0026 Salicylic Acid for Normal to Oily Skin - 200 g "},{"attribute_code":"image","value":"/1/_/1_119.jpg"},{"attribute_code":"small_image","value":"/1/_/1_119.jpg"},{"attribute_code":"thumbnail","value":"/1/_/1_119.jpg"},{"attribute_code":"options_container","value":"container2"},{"attribute_code":"country_of_manufacture","value":"IN"},{"attribute_code":"url_key","value":"tea-tree-oil-control-face-pack-with-tea-tree-salicylic-acid-for-normal-to-oily-skin-200-g"},{"attribute_code":"msrp_display_actual_price_type","value":"0"},{"attribute_code":"gift_message_available","value":"2"},{"attribute_code":"swatch_image","value":"/1/_/1_119.jpg"},{"attribute_code":"attribute_label_1","value":"About Mamaearth Tea Tree Oil Control Face Pack"},{"attribute_code":"attribute_label_2","value":"Key Ingredients"},{"attribute_code":"attribute_label_3","value":"How to Use"},{"attribute_code":"attribute_label_4","value":"Who can Use"},{"attribute_code":"attribute_label_5","value":"Why Mamaearth"},{"attribute_code":"attribute_label_6","value":"Ingredient List"},{"attribute_code":"attribute_label_7","value":"FAQs"},{"attribute_code":"best_before","value":"24 Months"},{"attribute_code":"dimensions","value":"10 * 5 * 5 cm"},{"attribute_code":"ean_code","value":"8904417320633"},{"attribute_code":"mrp","value":"499"},{"attribute_code":"old_productid","value":"1571"},{"attribute_code":"tags","value":"New Launch"},{"attribute_code":"marketed_by","value":"Honasa Consumer Limited, 10th and 11th Floor, Capital Cyberscape, Sector 59, Gurugram, Haryana, 122101"},{"attribute_code":"live_url","value":"https://mamaearth.in/product/tea-tree-oil-control-face-pack-with-tea-tree-salicylic-acid-for-normal-to-oily-skin-200-g"},{"attribute_code":"license_no","value":"M. : 20/C/U.A/2010"},{"attribute_code":"google_category","value":"2915"},{"attribute_code":"cms_sequence","value":"1,2,3,4,5,6,7,8"},{"attribute_code":"width","value":"5"},{"attribute_code":"height","value":"5"},{"attribute_code":"breadcrumb_category","value":"26","title":"Face Mask For Men and Women ","url_key":"face-mask"},{"attribute_code":"brand","value":"4"},{"attribute_code":"product_card_tags","value":"Natural, DIY-like Texture | Controls Oil Production | Crafted with Nature’s Best Ingredients | Free From Harmful Chemicals"},{"attribute_code":"saving_scheme","value":"price_per_100_gm"},{"attribute_code":"product_subtitle_keys","value":"Buy 1 Get 1 FREE, Face Pack, Tea Tree"},{"attribute_code":"is_suitable_for_skin_type","value":"465,466","label":"normal, oily"},{"attribute_code":"tax_class_id","value":"2"},{"attribute_code":"create_scarcity","value":"0"},{"attribute_code":"hide_product_infront","value":"0"},{"attribute_code":"show_in_feed","value":"1"},{"attribute_code":"base_category","value":"86"},{"attribute_code":"base_sub_category","value":"59"},{"attribute_code":"key_ingredient","value":"504"},{"attribute_code":"show_price_per_unit","value":"1"},{"attribute_code":"volume","value":"200"},{"attribute_code":"enable_fbt_popup","value":"0"},{"attribute_code":"enable_product_for_wa_commerce","value":"0"},{"attribute_code":"strikethrough","value":"0"},{"attribute_code":"new_facepacks","value":"514"},{"attribute_code":"meta_keyword","value":"Tea Tree Oil Control Face Pack with Tea Tree \u0026 Salicylic Acid for Normal to Oily Skin - 200 g"},{"attribute_code":"attribute_value_2","value":"\u003cul class=\"woodmart-list\"\u003e\r\n\u003cli\u003e\r\n\u003cdiv class=\"list-icon\"\u003e\u003cimg src=\"https://images.mamaearth.in/wysiwyg/ing-list/teatreenew.png\" alt=\"Baby Shampoo in India with Oats for hair growth\" /\u003e\u003c/div\u003e\r\n\u003cspan class=\"list-content\" style=\"text-align: justify;\"\u003e\u003cstrong\u003eTea Tree: \u003c/strong\u003eControls excess oil \u0026 sebum production.\u003c/span\u003e\u003c/li\u003e\r\n\u003cli\u003e\r\n\u003cdiv class=\"list-icon\"\u003e\u003cimg src=\"https://images.mamaearth.in/wysiwyg/ing-list/panth12.png\" alt=\"Soft Shampoo for hair growth with Calendula\" /\u003e\u003c/div\u003e\r\n\u003cspan class=\"list-content\" style=\"text-align: justify;\"\u003e\u003cstrong\u003eSalicylic Acid: \u003c/strong\u003eExfoliates skin and reduces pimples.\u003c/span\u003e\u003c/li\u003e\r\n\u003cli\u003e\r\n\u003cdiv class=\"list-icon\"\u003e\u003cimg src=\"https://images.mamaearth.in/wysiwyg/ing-list/glyc.jpg\" alt=\"Safest Baby Shampoo with Milk Prottein\" /\u003e\u003c/div\u003e\r\n\u003cspan class=\"list-content\" style=\"text-align: justify;\"\u003e\u003cstrong\u003ePanthenol:\u003c/strong\u003eStrengthens skin barrier and promotes longer-lasting hydration.\u003c/span\u003e\u003c/li\u003e\r\n\u003cli\u003e\r\n\u003cdiv class=\"list-icon\"\u003e\u003cimg src=\"https://images.mamaearth.in/wysiwyg/ing-list/nia1.png\" alt=\"Safest Baby Shampoo with Milk Prottein\" /\u003e\u003c/div\u003e\r\n\u003cspan class=\"list-content\" style=\"text-align: justify;\"\u003e\u003cstrong\u003eGlycerin: \u003c/strong\u003eNourishes skin deeply and locks-in moisture.\u003c/span\u003e\u003c/li\u003e\r\n\u003c/ul\u003e"},{"attribute_code":"short_description","value":"\u003cp\u003eDIY face masks seem like a good idea until the mess and potential skin irritation ruin the fun. Put an end to the hassle with our all new skin friendly, pH balanced Mamaearth Tea Tree Oil Control Face Pack featuring a DIY-like texture! Packed with the goodness of nature and science, this face pack is your oily skin’s new best friend! This unique formula controls excess oil production, tightens pores, and leaves your skin feeling fresh, clear, and perfectly balanced. Swipe some on, relax and let the power-packed ingredients work their balancing magic:\u003c/p\u003e\r\n\u003cul\u003e\r\n\u003cli\u003eTea Tree – Controls oil production, without stripping off skin’s natural oils.\u003c/li\u003e\r\n\u003cli\u003eSalicylic Acid – Reduces pimples, acne and clogging of the pores.\u003c/li\u003e\r\n\u003cli\u003ePanthenol – Strengthens skin barrier and promotes longer-lasting hydration.\u003c/li\u003e\r\n\u003cli\u003eGlycerin– Nourishes skin deeply and locks-in moisture.\u003c/li\u003e\r\n\u003c/ul\u003e\r\n\u003cp\u003eThis lightweight, clay face pack features real tea leaves-like, tiny exfoliating beads to help remove dead skin cells and impurities. Revealing a smoother, more even-toned complexion, it’s the perfect pick for a quick pamper session! Especially crafted for normal to oily skin types, this pH-balanced, dermatologically tested \u0026amp; Made Safe Approved formula is free from harmful chemicals, SLS/SLES, Paraben, LLP, Mineral Oil and Silicones, giving your skin only the cleanest, most effective care.\u003c/p\u003e\r\n\u003cp\u003eNo mixing, no mess—just refreshed, oil-controlled, glowing skin in 15 minutes flat!\u003c/p\u003e"},{"attribute_code":"attribute_value_3","value":"\u003cul\u003e\r\n\u003cli\u003e\u003cspan class=\"list-content\"\u003e\u003cstrong\u003eStep 1 : \u003c/strong\u003e Apply a generous amount of the face pack on face \u0026amp; neck\u003c/span\u003e\u003c/li\u003e\r\n\u003cli\u003e\u003cspan class=\"list-content\"\u003e\u003cstrong\u003eStep 2 : \u003c/strong\u003e Leave it on for 15 minute. \u003c/span\u003e\u003c/li\u003e\r\n\u003cli\u003e\u003cspan class=\"list-content\"\u003e\u003cstrong\u003eStep 3 : \u003c/strong\u003eRemove with soft, wet cloth \u0026amp; rinse with water.\u003c/span\u003e\u003c/li\u003e\r\n\u003c/ul\u003e"},{"attribute_code":"attribute_value_4","value":"\u003cul style=\"list-style: disc; padding-left: 1em;\"\u003e\r\n\u003cli\u003e\u003cspan class=\"list-content\"\u003eAnyone who’s 18 years \u0026amp; above\u003c/span\u003e\u003c/li\u003e\r\n\u003cli\u003e\u003cspan class=\"list-content\"\u003eSuitable for normal to oily skin types\u003c/span\u003e\u003c/li\u003e\r\n\u003c/ul\u003e"},{"attribute_code":"attribute_value_5","value":"\u003cul class=\"compare-list\"\u003e\r\n\u003cli\u003e\r\n\u003cdiv class=\"compare-content\"\u003e\r\n\u003cul\u003e\r\n\u003cli style=\"font-weight: 400;\" aria-level=\"1\"\u003e\u003cspan style=\"font-weight: 400;\"\u003ePrevents Breakouts\u003c/span\u003e\u003c/li\u003e\r\n\u003cli style=\"font-weight: 400;\" aria-level=\"1\"\u003e\u003cspan style=\"font-weight: 400;\"\u003eControl Excess Oil Production\u003c/span\u003e\u003c/li\u003e\r\n\u003cli style=\"font-weight: 400;\" aria-level=\"1\"\u003e\u003cspan style=\"font-weight: 400;\"\u003eExfoliates Skin \u0026amp; Unclogs Pores\u003c/span\u003e\u003c/li\u003e\r\n\u003cli style=\"font-weight: 400;\" aria-level=\"1\"\u003e\u003cspan style=\"font-weight: 400;\"\u003eStrengthens Skin Barrier\u003c/span\u003e\u003c/li\u003e\r\n\u003cli style=\"font-weight: 400;\" aria-level=\"1\"\u003e\u003cspan style=\"font-weight: 400;\"\u003eMakes Skin Radiant\u003c/span\u003e\u003c/li\u003e\r\n\u003cli style=\"font-weight: 400;\" aria-level=\"1\"\u003e\u003cspan style=\"font-weight: 400;\"\u003eMakes Skin Feel Healthy \u0026amp; Nourished\u003c/span\u003e\u003c/li\u003e\r\n\u003cli style=\"font-weight: 400;\" aria-level=\"1\"\u003e\u003cspan style=\"font-weight: 400;\"\u003eHelps Minimize Pores\u003c/span\u003e\u003c/li\u003e\r\n\u003cli style=\"font-weight: 400;\" aria-level=\"1\"\u003e\u003cspan style=\"font-weight: 400;\"\u003ePh Balanced\u003c/span\u003e\u003c/li\u003e\r\n\u003cli style=\"font-weight: 400;\" aria-level=\"1\"\u003e\u003cspan style=\"font-weight: 400;\"\u003eFree Of Toxins\u003c/span\u003e\u003c/li\u003e\r\n\u003cli style=\"font-weight: 400;\" aria-level=\"1\"\u003e\u003cspan style=\"font-weight: 400;\"\u003eMade Safe Approved\u003c/span\u003e\u003c/li\u003e\r\n\u003c/ul\u003e\r\n\u003c/div\u003e\r\n\u003c/li\u003e\r\n\u003cli\u003e\r\n\u003cdiv class=\"compare-content\"\u003e\r\n\u003cul\u003e\r\n\u003cli style=\"font-weight: 400;\" aria-level=\"1\"\u003e\u003cspan style=\"font-weight: 400;\"\u003eDoesn’t Prevent Breakout\u003c/span\u003e\u003c/li\u003e\r\n\u003cli style=\"font-weight: 400;\" aria-level=\"1\"\u003e\u003cspan style=\"font-weight: 400;\"\u003eDoesn’t Control Excess Oil Production\u003c/span\u003e\u003c/li\u003e\r\n\u003cli style=\"font-weight: 400;\" aria-level=\"1\"\u003e\u003cspan style=\"font-weight: 400;\"\u003eDoesn’t Exfoliate Skin \u0026amp; Unclog Pores\u003c/span\u003e\u003c/li\u003e\r\n\u003cli style=\"font-weight: 400;\" aria-level=\"1\"\u003e\u003cspan style=\"font-weight: 400;\"\u003eDoesn’t Strengthen Skin Barrier\u003c/span\u003e\u003c/li\u003e\r\n\u003cli style=\"font-weight: 400;\" aria-level=\"1\"\u003e\u003cspan style=\"font-weight: 400;\"\u003eDoesn’t Give Radiant Skin\u003c/span\u003e\u003c/li\u003e\r\n\u003cli style=\"font-weight: 400;\" aria-level=\"1\"\u003e\u003cspan style=\"font-weight: 400;\"\u003eMakes Skin Feel Dry\u003c/span\u003e\u003c/li\u003e\r\n\u003cli style=\"font-weight: 400;\" aria-level=\"1\"\u003e\u003cspan style=\"font-weight: 400;\"\u003eDoesn’t Minimise Pores\u003c/span\u003e\u003c/li\u003e\r\n\u003cli style=\"font-weight: 400;\" aria-level=\"1\"\u003e\u003cspan style=\"font-weight: 400;\"\u003eNot Ph Balanced\u003c/span\u003e\u003c/li\u003e\r\n\u003cli style=\"font-weight: 400;\" aria-level=\"1\"\u003e\u003cspan style=\"font-weight: 400;\"\u003e Contains Toxins\u003c/span\u003e\u003c/li\u003e\r\n\u003cli style=\"font-weight: 400;\" aria-level=\"1\"\u003e\u003cspan style=\"font-weight: 400;\"\u003eNot Made Safe Approved\u003c/span\u003e\u003c/li\u003e\r\n\u003c/ul\u003e\r\n\u003c/div\u003e\r\n\u003c/li\u003e\r\n\u003c/ul\u003e"},{"attribute_code":"attribute_value_6","value":"\u003ctable\u003e\r\n\u003ctbody\u003e\r\n\u003ctr\u003e\r\n\u003ctd\u003e\r\n\u003cp\u003e\u003cstrong\u003eIngredient\u003c/strong\u003e\u003c/p\u003e\r\n\u003c/td\u003e\r\n\u003ctd\u003e\r\n\u003cp\u003e\u003cstrong\u003eType\u003c/strong\u003e\u003c/p\u003e\r\n\u003c/td\u003e\r\n\u003ctd\u003e\r\n\u003cp\u003e\u003cstrong\u003eWhere Is It From?\u003c/strong\u003e\u003c/p\u003e\r\n\u003c/td\u003e\r\n\u003ctd\u003e\r\n\u003cp\u003e\u003cstrong\u003eHow It Helps?\u003c/strong\u003e\u003c/p\u003e\r\n\u003c/td\u003e\r\n\u003c/tr\u003e\r\n\u003ctr\u003e\r\n\u003ctd\u003e\r\n\u003cp\u003e\u003cspan style=\"font-weight: 400;\"\u003eTea Tree Water\u003c/span\u003e\u003c/p\u003e\r\n\u003c/td\u003e\r\n\u003ctd\u003e\r\n\u003cp\u003e\u003cspan style=\"font-weight: 400;\"\u003eNatural\u003c/span\u003e\u003c/p\u003e\r\n\u003c/td\u003e\r\n\u003ctd\u003e\r\n\u003cp\u003e\u003cspan style=\"font-weight: 400;\"\u003eLeaves of Tea Tree\u003c/span\u003e\u003c/p\u003e\r\n\u003c/td\u003e\r\n\u003ctd\u003e\r\n\u003cp\u003e\u003cspan style=\"font-weight: 400;\"\u003eAntibacterial\u003c/span\u003e\u003c/p\u003e\r\n\u003c/td\u003e\r\n\u003c/tr\u003e\r\n\u003ctr\u003e\r\n\u003ctd\u003e\r\n\u003cp\u003e\u003cspan style=\"font-weight: 400;\"\u003eKaolin clay\u003c/span\u003e\u003c/p\u003e\r\n\u003c/td\u003e\r\n\u003ctd\u003e\r\n\u003cp\u003e\u003cspan style=\"font-weight: 400;\"\u003eNatural\u003c/span\u003e\u003c/p\u003e\r\n\u003c/td\u003e\r\n\u003ctd\u003e\r\n\u003cp\u003e\u003cspan style=\"font-weight: 400;\"\u003eMineral (Kaolinite)\u003c/span\u003e\u003c/p\u003e\r\n\u003c/td\u003e\r\n\u003ctd\u003e\r\n\u003cp\u003e\u003cspan style=\"font-weight: 400;\"\u003eAbsorbs excess oil, detoxifies skin\u003c/span\u003e\u003c/p\u003e\r\n\u003c/td\u003e\r\n\u003c/tr\u003e\r\n\u003ctr\u003e\r\n\u003ctd\u003e\r\n\u003cp\u003e\u003cspan style=\"font-weight: 400;\"\u003eIsopropyl Myristate\u003c/span\u003e\u003c/p\u003e\r\n\u003c/td\u003e\r\n\u003ctd\u003e\r\n\u003cp\u003e\u003cspan style=\"font-weight: 400;\"\u003eSynthetic\u003c/span\u003e\u003c/p\u003e\r\n\u003c/td\u003e\r\n\u003ctd\u003e\r\n\u003cp\u003e\u003cspan style=\"font-weight: 400;\"\u003eEsters of Isopropyl Alcohol \u0026amp; Myristic Acid\u003c/span\u003e\u003c/p\u003e\r\n\u003c/td\u003e\r\n\u003ctd\u003e\r\n\u003cp\u003e\u003cspan style=\"font-weight: 400;\"\u003eSkin conditioning, enhances product spreadability\u003c/span\u003e\u003c/p\u003e\r\n\u003c/td\u003e\r\n\u003c/tr\u003e\r\n\u003ctr\u003e\r\n\u003ctd\u003e\r\n\u003cp\u003e\u003cspan style=\"font-weight: 400;\"\u003eGlyceryl Stearate\u003c/span\u003e\u003c/p\u003e\r\n\u003c/td\u003e\r\n\u003ctd\u003e\r\n\u003cp\u003e\u003cspan style=\"font-weight: 400;\"\u003eNatural/Synthetic\u003c/span\u003e\u003c/p\u003e\r\n\u003c/td\u003e\r\n\u003ctd\u003e\r\n\u003cp\u003e\u003cspan style=\"font-weight: 400;\"\u003eGlycerin \u0026amp; Stearic Acid (Plant-based or Animal-derived)\u003c/span\u003e\u003c/p\u003e\r\n\u003c/td\u003e\r\n\u003ctd\u003e\r\n\u003cp\u003e\u003cspan style=\"font-weight: 400;\"\u003eEmulsifier, skin conditioning\u003c/span\u003e\u003c/p\u003e\r\n\u003c/td\u003e\r\n\u003c/tr\u003e\r\n\u003ctr\u003e\r\n\u003ctd\u003e\r\n\u003cp\u003e\u003cspan style=\"font-weight: 400;\"\u003eGlycerin\u003c/span\u003e\u003c/p\u003e\r\n\u003c/td\u003e\r\n\u003ctd\u003e\r\n\u003cp\u003e\u003cspan style=\"font-weight: 400;\"\u003eNatural\u003c/span\u003e\u003c/p\u003e\r\n\u003c/td\u003e\r\n\u003ctd\u003e\r\n\u003cp\u003e\u003cspan style=\"font-weight: 400;\"\u003ePlant-Based \u003c/span\u003e\u003c/p\u003e\r\n\u003c/td\u003e\r\n\u003ctd\u003e\r\n\u003cp\u003e\u003cspan style=\"font-weight: 400;\"\u003eMoisturizing Agent\u003c/span\u003e\u003c/p\u003e\r\n\u003c/td\u003e\r\n\u003c/tr\u003e\r\n\u003ctr\u003e\r\n\u003ctd\u003e\r\n\u003cp\u003e\u003cspan style=\"font-weight: 400;\"\u003eCetostearyl alcohol\u003c/span\u003e\u003c/p\u003e\r\n\u003c/td\u003e\r\n\u003ctd\u003e\r\n\u003cp\u003e\u003cspan style=\"font-weight: 400;\"\u003eNatural/Synthetic\u003c/span\u003e\u003c/p\u003e\r\n\u003c/td\u003e\r\n\u003ctd\u003e\r\n\u003cp\u003e\u003cspan style=\"font-weight: 400;\"\u003eCoconut or Palm Oil\u003c/span\u003e\u003c/p\u003e\r\n\u003c/td\u003e\r\n\u003ctd\u003e\r\n\u003cp\u003e\u003cspan style=\"font-weight: 400;\"\u003eEmollient, emulsifier\u003c/span\u003e\u003c/p\u003e\r\n\u003c/td\u003e\r\n\u003c/tr\u003e\r\n\u003ctr\u003e\r\n\u003ctd\u003e\r\n\u003cp\u003e\u003cspan style=\"font-weight: 400;\"\u003eBentonite\u003c/span\u003e\u003c/p\u003e\r\n\u003c/td\u003e\r\n\u003ctd\u003e\r\n\u003cp\u003e\u003cspan style=\"font-weight: 400;\"\u003eNatural\u003c/span\u003e\u003c/p\u003e\r\n\u003c/td\u003e\r\n\u003ctd\u003e\r\n\u003cp\u003e\u003cspan style=\"font-weight: 400;\"\u003eVolcanic Ash\u003c/span\u003e\u003c/p\u003e\r\n\u003c/td\u003e\r\n\u003ctd\u003e\r\n\u003cp\u003e\u003cspan style=\"font-weight: 400;\"\u003eAbsorbs toxins, purifies skin\u003c/span\u003e\u003c/p\u003e\r\n\u003c/td\u003e\r\n\u003c/tr\u003e\r\n\u003ctr\u003e\r\n\u003ctd\u003e\r\n\u003cp\u003e\u003cspan style=\"font-weight: 400;\"\u003eSalicylic Acid Complex\u003c/span\u003e\u003c/p\u003e\r\n\u003c/td\u003e\r\n\u003ctd\u003e\r\n\u003cp\u003e\u003cspan style=\"font-weight: 400;\"\u003eNatural/Synthetic\u003c/span\u003e\u003c/p\u003e\r\n\u003c/td\u003e\r\n\u003ctd\u003e\r\n\u003cp\u003e\u003cspan style=\"font-weight: 400;\"\u003eWillow Bark or Lab-derived\u003c/span\u003e\u003c/p\u003e\r\n\u003c/td\u003e\r\n\u003ctd\u003e\r\n\u003cp\u003e\u003cspan style=\"font-weight: 400;\"\u003eExfoliates, unclogs pores, anti-acne\u003c/span\u003e\u003c/p\u003e\r\n\u003c/td\u003e\r\n\u003c/tr\u003e\r\n\u003ctr\u003e\r\n\u003ctd\u003e\r\n\u003cp\u003e\u003cspan style=\"font-weight: 400;\"\u003e Propylene Glycol\u003c/span\u003e\u003c/p\u003e\r\n\u003c/td\u003e\r\n\u003ctd\u003e\r\n\u003cp\u003e\u003cspan style=\"font-weight: 400;\"\u003eSynthetic\u003c/span\u003e\u003c/p\u003e\r\n\u003c/td\u003e\r\n\u003ctd\u003e\r\n\u003cp\u003e\u003cspan style=\"font-weight: 400;\"\u003ePetroleum-derived\u003c/span\u003e\u003c/p\u003e\r\n\u003c/td\u003e\r\n\u003ctd\u003e\r\n\u003cp\u003e\u003cspan style=\"font-weight: 400;\"\u003eHumectant, enhances penetration of ingredients\u003c/span\u003e\u003c/p\u003e\r\n\u003c/td\u003e\r\n\u003c/tr\u003e\r\n\u003ctr\u003e\r\n\u003ctd\u003e\r\n\u003cp\u003e\u003cspan style=\"font-weight: 400;\"\u003eCoffee Bean\u003c/span\u003e\u003c/p\u003e\r\n\u003c/td\u003e\r\n\u003ctd\u003e\r\n\u003cp\u003e\u003cspan style=\"font-weight: 400;\"\u003eNatural\u003c/span\u003e\u003c/p\u003e\r\n\u003c/td\u003e\r\n\u003ctd\u003e\r\n\u003cp\u003e\u003cspan style=\"font-weight: 400;\"\u003eCoffee Plant (Coffea)\u003c/span\u003e\u003c/p\u003e\r\n\u003c/td\u003e\r\n\u003ctd\u003e\r\n\u003cp\u003e\u003cspan style=\"font-weight: 400;\"\u003eAntioxidant, energizes skin, exfoliates\u003c/span\u003e\u003c/p\u003e\r\n\u003c/td\u003e\r\n\u003c/tr\u003e\r\n\u003ctr\u003e\r\n\u003ctd\u003e\r\n\u003cp\u003e\u003cspan style=\"font-weight: 400;\"\u003eMelaleuca alternifolia (Tea Tree) Extract\u003c/span\u003e\u003c/p\u003e\r\n\u003c/td\u003e\r\n\u003ctd\u003e\r\n\u003cp\u003e\u003cspan style=\"font-weight: 400;\"\u003eNatural\u003c/span\u003e\u003c/p\u003e\r\n\u003c/td\u003e\r\n\u003ctd\u003e\r\n\u003cp\u003e\u003cspan style=\"font-weight: 400;\"\u003eLeaves of Tea Tree\u003c/span\u003e\u003c/p\u003e\r\n\u003c/td\u003e\r\n\u003ctd\u003e\r\n\u003cp\u003e\u003cspan style=\"font-weight: 400;\"\u003eAntibacterial\u003c/span\u003e\u003c/p\u003e\r\n\u003c/td\u003e\r\n\u003c/tr\u003e\r\n\u003ctr\u003e\r\n\u003ctd\u003e\r\n\u003cp\u003e\u003cspan style=\"font-weight: 400;\"\u003eXanthan Gum\u003c/span\u003e\u003c/p\u003e\r\n\u003c/td\u003e\r\n\u003ctd\u003e\r\n\u003cp\u003e\u003cspan style=\"font-weight: 400;\"\u003eNatural\u003c/span\u003e\u003c/p\u003e\r\n\u003c/td\u003e\r\n\u003ctd\u003e\r\n\u003cp\u003e\u003cspan style=\"font-weight: 400;\"\u003eFermentation of Sugar\u003c/span\u003e\u003c/p\u003e\r\n\u003c/td\u003e\r\n\u003ctd\u003e\r\n\u003cp\u003e\u003cspan style=\"font-weight: 400;\"\u003eThickening agent, stabilizer\u003c/span\u003e\u003c/p\u003e\r\n\u003c/td\u003e\r\n\u003c/tr\u003e\r\n\u003ctr\u003e\r\n\u003ctd\u003e\r\n\u003cp\u003e\u003cspan style=\"font-weight: 400;\"\u003eSoya Lecithin\u003c/span\u003e\u003c/p\u003e\r\n\u003c/td\u003e\r\n\u003ctd\u003e\r\n\u003cp\u003e\u003cspan style=\"font-weight: 400;\"\u003eNatural\u003c/span\u003e\u003c/p\u003e\r\n\u003c/td\u003e\r\n\u003ctd\u003e\r\n\u003cp\u003e\u003cspan style=\"font-weight: 400;\"\u003eSoybeans\u003c/span\u003e\u003c/p\u003e\r\n\u003c/td\u003e\r\n\u003ctd\u003e\r\n\u003cp\u003e\u003cspan style=\"font-weight: 400;\"\u003eEmulsifier, hydrates skin\u003c/span\u003e\u003c/p\u003e\r\n\u003c/td\u003e\r\n\u003c/tr\u003e\r\n\u003ctr\u003e\r\n\u003ctd\u003e\r\n\u003cp\u003e\u003cspan style=\"font-weight: 400;\"\u003ePhenoxyethanol\u003c/span\u003e\u003c/p\u003e\r\n\u003c/td\u003e\r\n\u003ctd\u003e\r\n\u003cp\u003e\u003cspan style=\"font-weight: 400;\"\u003eSynthetic\u003c/span\u003e\u003c/p\u003e\r\n\u003c/td\u003e\r\n\u003ctd\u003e\r\n\u003cp\u003e\u003cspan style=\"font-weight: 400;\"\u003eLab-derived\u003c/span\u003e\u003c/p\u003e\r\n\u003c/td\u003e\r\n\u003ctd\u003e\r\n\u003cp\u003e\u003cspan style=\"font-weight: 400;\"\u003ePreservative, prevents microbial growth\u003c/span\u003e\u003c/p\u003e\r\n\u003c/td\u003e\r\n\u003c/tr\u003e\r\n\u003ctr\u003e\r\n\u003ctd\u003e\r\n\u003cp\u003e\u003cspan style=\"font-weight: 400;\"\u003eEthylhexylglycerin\u003c/span\u003e\u003c/p\u003e\r\n\u003c/td\u003e\r\n\u003ctd\u003e\r\n\u003cp\u003e\u003cspan style=\"font-weight: 400;\"\u003eSynthetic\u003c/span\u003e\u003c/p\u003e\r\n\u003c/td\u003e\r\n\u003ctd\u003e\r\n\u003cp\u003e\u003cspan style=\"font-weight: 400;\"\u003eGlycerin-derived\u003c/span\u003e\u003c/p\u003e\r\n\u003c/td\u003e\r\n\u003ctd\u003e\r\n\u003cp\u003e\u003cspan style=\"font-weight: 400;\"\u003eSkin conditioning, preservative booster\u003c/span\u003e\u003c/p\u003e\r\n\u003c/td\u003e\r\n\u003c/tr\u003e\r\n\u003ctr\u003e\r\n\u003ctd\u003e\r\n\u003cp\u003e\u003cspan style=\"font-weight: 400;\"\u003eOctenidine HCl\u003c/span\u003e\u003c/p\u003e\r\n\u003c/td\u003e\r\n\u003ctd\u003e\r\n\u003cp\u003e\u003cspan style=\"font-weight: 400;\"\u003eSynthetic\u003c/span\u003e\u003c/p\u003e\r\n\u003c/td\u003e\r\n\u003ctd\u003e\r\n\u003cp\u003e\u003cspan style=\"font-weight: 400;\"\u003eLab-derived\u003c/span\u003e\u003c/p\u003e\r\n\u003c/td\u003e\r\n\u003ctd\u003e\r\n\u003cp\u003e\u003cspan style=\"font-weight: 400;\"\u003eAntimicrobial, prevents infections\u003c/span\u003e\u003c/p\u003e\r\n\u003c/td\u003e\r\n\u003c/tr\u003e\r\n\u003ctr\u003e\r\n\u003ctd\u003e\r\n\u003cp\u003e\u003cspan style=\"font-weight: 400;\"\u003eSodium PCA\u003c/span\u003e\u003c/p\u003e\r\n\u003c/td\u003e\r\n\u003ctd\u003e\r\n\u003cp\u003e\u003cspan style=\"font-weight: 400;\"\u003eNatural/Synthetic\u003c/span\u003e\u003c/p\u003e\r\n\u003c/td\u003e\r\n\u003ctd\u003e\r\n\u003cp\u003e\u003cspan style=\"font-weight: 400;\"\u003eAmino Acid-derived\u003c/span\u003e\u003c/p\u003e\r\n\u003c/td\u003e\r\n\u003ctd\u003e\r\n\u003cp\u003e\u003cspan style=\"font-weight: 400;\"\u003eHydrates skin, improves moisture retention\u003c/span\u003e\u003c/p\u003e\r\n\u003c/td\u003e\r\n\u003c/tr\u003e\r\n\u003ctr\u003e\r\n\u003ctd\u003e\r\n\u003cp\u003e\u003cspan style=\"font-weight: 400;\"\u003eIFRA Certified Fragrance\u003c/span\u003e\u003c/p\u003e\r\n\u003c/td\u003e\r\n\u003ctd\u003e\r\n\u003cp\u003e\u003cspan style=\"font-weight: 400;\"\u003eSynthetic/Natural\u003c/span\u003e\u003c/p\u003e\r\n\u003c/td\u003e\r\n\u003ctd\u003e\r\n\u003cp\u003e\u003cspan style=\"font-weight: 400;\"\u003eVarious Essential Oils \u0026amp; Synthetic Compounds\u003c/span\u003e\u003c/p\u003e\r\n\u003c/td\u003e\r\n\u003ctd\u003e\r\n\u003cp\u003e\u003cspan style=\"font-weight: 400;\"\u003eAdds fragrance\u003c/span\u003e\u003c/p\u003e\r\n\u003c/td\u003e\r\n\u003c/tr\u003e\r\n\u003ctr\u003e\r\n\u003ctd\u003e\r\n\u003cp\u003e\u003cspan style=\"font-weight: 400;\"\u003e C.I. 77288\u003c/span\u003e\u003c/p\u003e\r\n\u003c/td\u003e\r\n\u003ctd\u003e\r\n\u003cp\u003e\u003cspan style=\"font-weight: 400;\"\u003eNatural/Synthetic\u003c/span\u003e\u003c/p\u003e\r\n\u003c/td\u003e\r\n\u003ctd\u003e\r\n\u003cp\u003e\u003cspan style=\"font-weight: 400;\"\u003eChromium Oxide Green\u003c/span\u003e\u003c/p\u003e\r\n\u003c/td\u003e\r\n\u003ctd\u003e\r\n\u003cp\u003e\u003cspan style=\"font-weight: 400;\"\u003ePigment (Green colorant)\u003c/span\u003e\u003c/p\u003e\r\n\u003c/td\u003e\r\n\u003c/tr\u003e\r\n\u003ctr\u003e\r\n\u003ctd\u003e\r\n\u003cp\u003e\u003cspan style=\"font-weight: 400;\"\u003eChlorphenesin\u003c/span\u003e\u003c/p\u003e\r\n\u003c/td\u003e\r\n\u003ctd\u003e\r\n\u003cp\u003e\u003cspan style=\"font-weight: 400;\"\u003eSynthetic\u003c/span\u003e\u003c/p\u003e\r\n\u003c/td\u003e\r\n\u003ctd\u003e\r\n\u003cp\u003e\u003cspan style=\"font-weight: 400;\"\u003eLab-derived\u003c/span\u003e\u003c/p\u003e\r\n\u003c/td\u003e\r\n\u003ctd\u003e\r\n\u003cp\u003e\u003cspan style=\"font-weight: 400;\"\u003ePreservative, antimicrobial\u003c/span\u003e\u003c/p\u003e\r\n\u003c/td\u003e\r\n\u003c/tr\u003e\r\n\u003ctr\u003e\r\n\u003ctd\u003e\r\n\u003cp\u003e\u003cspan style=\"font-weight: 400;\"\u003eCaprylyl Glycol\u003c/span\u003e\u003c/p\u003e\r\n\u003c/td\u003e\r\n\u003ctd\u003e\r\n\u003cp\u003e\u003cspan style=\"font-weight: 400;\"\u003eSynthetic\u003c/span\u003e\u003c/p\u003e\r\n\u003c/td\u003e\r\n\u003ctd\u003e\r\n\u003cp\u003e\u003cspan style=\"font-weight: 400;\"\u003eFatty Alcohol-derived\u003c/span\u003e\u003c/p\u003e\r\n\u003c/td\u003e\r\n\u003ctd\u003e\r\n\u003cp\u003e\u003cspan style=\"font-weight: 400;\"\u003eSkin conditioning, antimicrobial\u003c/span\u003e\u003c/p\u003e\r\n\u003c/td\u003e\r\n\u003c/tr\u003e\r\n\u003ctr\u003e\r\n\u003ctd\u003e\r\n\u003cp\u003e\u003cspan style=\"font-weight: 400;\"\u003eDidecyldimonium Chloride\u003c/span\u003e\u003c/p\u003e\r\n\u003c/td\u003e\r\n\u003ctd\u003e\r\n\u003cp\u003e\u003cspan style=\"font-weight: 400;\"\u003eSynthetic\u003c/span\u003e\u003c/p\u003e\r\n\u003c/td\u003e\r\n\u003ctd\u003e\r\n\u003cp\u003e\u003cspan style=\"font-weight: 400;\"\u003eLab-derived\u003c/span\u003e\u003c/p\u003e\r\n\u003c/td\u003e\r\n\u003ctd\u003e\r\n\u003cp\u003e\u003cspan style=\"font-weight: 400;\"\u003eAntimicrobial, prevents bacterial growth\u003c/span\u003e\u003c/p\u003e\r\n\u003c/td\u003e\r\n\u003c/tr\u003e\r\n\u003ctr\u003e\r\n\u003ctd\u003e\r\n\u003cp\u003e\u003cspan style=\"font-weight: 400;\"\u003eTitanium Dioxide\u003c/span\u003e\u003c/p\u003e\r\n\u003c/td\u003e\r\n\u003ctd\u003e\r\n\u003cp\u003e\u003cspan style=\"font-weight: 400;\"\u003eNatural/Synthetic\u003c/span\u003e\u003c/p\u003e\r\n\u003c/td\u003e\r\n\u003ctd\u003e\r\n\u003cp\u003e\u003cspan style=\"font-weight: 400;\"\u003eMineral (Ilmenite)\u003c/span\u003e\u003c/p\u003e\r\n\u003c/td\u003e\r\n\u003ctd\u003e\r\n\u003cp\u003e\u003cspan style=\"font-weight: 400;\"\u003eUV protection, white pigment\u003c/span\u003e\u003c/p\u003e\r\n\u003c/td\u003e\r\n\u003c/tr\u003e\r\n\u003ctr\u003e\r\n\u003ctd\u003e\r\n\u003cp\u003e\u003cspan style=\"font-weight: 400;\"\u003eC.I. 77499\u003c/span\u003e\u003c/p\u003e\r\n\u003c/td\u003e\r\n\u003ctd\u003e\r\n\u003cp\u003e\u003cspan style=\"font-weight: 400;\"\u003eNatural/Synthetic\u003c/span\u003e\u003c/p\u003e\r\n\u003c/td\u003e\r\n\u003ctd\u003e\r\n\u003cp\u003e\u003cspan style=\"font-weight: 400;\"\u003eIron Oxide (Black)\u003c/span\u003e\u003c/p\u003e\r\n\u003c/td\u003e\r\n\u003ctd\u003e\r\n\u003cp\u003e\u003cspan style=\"font-weight: 400;\"\u003ePigment (Black colorant)\u003c/span\u003e\u003c/p\u003e\r\n\u003c/td\u003e\r\n\u003c/tr\u003e\r\n\u003ctr\u003e\r\n\u003ctd\u003e\r\n\u003cp\u003e\u003cspan style=\"font-weight: 400;\"\u003eSodium Gluconate\u003c/span\u003e\u003c/p\u003e\r\n\u003c/td\u003e\r\n\u003ctd\u003e\r\n\u003cp\u003e\u003cspan style=\"font-weight: 400;\"\u003eNatural\u003c/span\u003e\u003c/p\u003e\r\n\u003c/td\u003e\r\n\u003ctd\u003e\r\n\u003cp\u003e\u003cspan style=\"font-weight: 400;\"\u003eFermentation of Glucose\u003c/span\u003e\u003c/p\u003e\r\n\u003c/td\u003e\r\n\u003ctd\u003e\r\n\u003cp\u003e\u003cspan style=\"font-weight: 400;\"\u003eChelating agent, stabilizes formulas\u003c/span\u003e\u003c/p\u003e\r\n\u003c/td\u003e\r\n\u003c/tr\u003e\r\n\u003ctr\u003e\r\n\u003ctd\u003e\r\n\u003cp\u003e\u003cspan style=\"font-weight: 400;\"\u003eBetain Anhydrous\u003c/span\u003e\u003c/p\u003e\r\n\u003c/td\u003e\r\n\u003ctd\u003e\r\n\u003cp\u003e\u003cspan style=\"font-weight: 400;\"\u003eNatural\u003c/span\u003e\u003c/p\u003e\r\n\u003c/td\u003e\r\n\u003ctd\u003e\r\n\u003cp\u003e\u003cspan style=\"font-weight: 400;\"\u003eSugar Beets\u003c/span\u003e\u003c/p\u003e\r\n\u003c/td\u003e\r\n\u003ctd\u003e\r\n\u003cp\u003e\u003cspan style=\"font-weight: 400;\"\u003eMoisturizing, anti-irritant\u003c/span\u003e\u003c/p\u003e\r\n\u003c/td\u003e\r\n\u003c/tr\u003e\r\n\u003ctr\u003e\r\n\u003ctd\u003e\r\n\u003cp\u003e\u003cspan style=\"font-weight: 400;\"\u003eLactic Acid\u003c/span\u003e\u003c/p\u003e\r\n\u003c/td\u003e\r\n\u003ctd\u003e\r\n\u003cp\u003e\u003cspan style=\"font-weight: 400;\"\u003eNatural\u003c/span\u003e\u003c/p\u003e\r\n\u003c/td\u003e\r\n\u003ctd\u003e\r\n\u003cp\u003e\u003cspan style=\"font-weight: 400;\"\u003eFermented Sugars or Milk\u003c/span\u003e\u003c/p\u003e\r\n\u003c/td\u003e\r\n\u003ctd\u003e\r\n\u003cp\u003e\u003cspan style=\"font-weight: 400;\"\u003eExfoliates, hydrates, brightens skin\u003c/span\u003e\u003c/p\u003e\r\n\u003c/td\u003e\r\n\u003c/tr\u003e\r\n\u003ctr\u003e\r\n\u003ctd\u003e\r\n\u003cp\u003e\u003cspan style=\"font-weight: 400;\"\u003ePentaerythrityl Tetra-di-t-butyl Hydroxyhydrocinnamate\u003c/span\u003e\u003c/p\u003e\r\n\u003c/td\u003e\r\n\u003ctd\u003e\r\n\u003cp\u003e\u003cspan style=\"font-weight: 400;\"\u003eSynthetic\u003c/span\u003e\u003c/p\u003e\r\n\u003c/td\u003e\r\n\u003ctd\u003e\r\n\u003cp\u003e\u003cspan style=\"font-weight: 400;\"\u003eLab-derived\u003c/span\u003e\u003c/p\u003e\r\n\u003c/td\u003e\r\n\u003ctd\u003e\u003cbr /\u003e\r\n\u003ctable\u003e\r\n\u003ctbody\u003e\r\n\u003ctr\u003e\r\n\u003ctd\u003e \u003c/td\u003e\r\n\u003c/tr\u003e\r\n\u003c/tbody\u003e\r\n\u003c/table\u003e\r\n\u003cbr /\u003e\r\n\u003ctable\u003e\r\n\u003ctbody\u003e\r\n\u003ctr\u003e\r\n\u003ctd\u003e\r\n\u003cp\u003e\u003cspan style=\"font-weight: 400;\"\u003eAntioxidant, stabilizes formulas\u003c/span\u003e\u003c/p\u003e\r\n\u003c/td\u003e\r\n\u003c/tr\u003e\r\n\u003c/tbody\u003e\r\n\u003c/table\u003e\r\n\u003c/td\u003e\r\n\u003c/tr\u003e\r\n\u003ctr\u003e\r\n\u003ctd\u003e\r\n\u003cp\u003e\u003cspan style=\"font-weight: 400;\"\u003eC.I. 77492\u003c/span\u003e\u003c/p\u003e\r\n\u003c/td\u003e\r\n\u003ctd\u003e\r\n\u003cp\u003e\u003cspan style=\"font-weight: 400;\"\u003eNatural/Synthetic\u003c/span\u003e\u003c/p\u003e\r\n\u003c/td\u003e\r\n\u003ctd\u003e\r\n\u003cp\u003e\u003cspan style=\"font-weight: 400;\"\u003eIron Oxide (Yellow)\u003c/span\u003e\u003c/p\u003e\r\n\u003c/td\u003e\r\n\u003ctd\u003e\r\n\u003cp\u003e\u003cspan style=\"font-weight: 400;\"\u003ePigment (Yellow colorant)\u003c/span\u003e\u003c/p\u003e\r\n\u003c/td\u003e\r\n\u003c/tr\u003e\r\n\u003ctr\u003e\r\n\u003ctd\u003e\r\n\u003cp\u003e\u003cspan style=\"font-weight: 400;\"\u003ePanthenol\u003c/span\u003e\u003c/p\u003e\r\n\u003c/td\u003e\r\n\u003ctd\u003e\r\n\u003cp\u003e\u003cspan style=\"font-weight: 400;\"\u003eNatural/Synthetic\u003c/span\u003e\u003c/p\u003e\r\n\u003c/td\u003e\r\n\u003ctd\u003e\r\n\u003cp\u003e\u003cspan style=\"font-weight: 400;\"\u003eVitamin B5-derived\u003c/span\u003e\u003c/p\u003e\r\n\u003c/td\u003e\r\n\u003ctd\u003e\r\n\u003cp\u003e\u003cspan style=\"font-weight: 400;\"\u003eMoisturizing, soothes irritation\u003c/span\u003e\u003c/p\u003e\r\n\u003c/td\u003e\r\n\u003c/tr\u003e\r\n\u003ctr\u003e\r\n\u003ctd\u003e\r\n\u003cp\u003e\u003cspan style=\"font-weight: 400;\"\u003eTea Tree Oil\u003c/span\u003e\u003c/p\u003e\r\n\u003c/td\u003e\r\n\u003ctd\u003e\r\n\u003cp\u003e\u003cspan style=\"font-weight: 400;\"\u003eNatural\u003c/span\u003e\u003c/p\u003e\r\n\u003c/td\u003e\r\n\u003ctd\u003e\r\n\u003cp\u003e\u003cspan style=\"font-weight: 400;\"\u003eLeaves of Tea Tree\u003c/span\u003e\u003c/p\u003e\r\n\u003c/td\u003e\r\n\u003ctd\u003e\r\n\u003cp\u003e\u003cspan style=\"font-weight: 400;\"\u003eAntibacterial, anti-inflammatory\u003c/span\u003e\u003c/p\u003e\r\n\u003c/td\u003e\r\n\u003c/tr\u003e\r\n\u003c/tbody\u003e\r\n\u003c/table\u003e"},{"attribute_code":"attribute_value_7","value":"\u003cdiv id=\"faqs\"\u003e\r\n\u003cp\u003eHow Often Should I Use This Face Pack?\u003c/p\u003e\r\n\u003cp\u003eUse it 2 times a week for excess oil control and clear, acne-free skin.\u003c/p\u003e\r\n\u003cp\u003eIs It Suitable For Oily Skin?\u003c/p\u003e\r\n\u003cp\u003eYes, it has a pH-balanced, dermatologically tested formula that’s safe for normal to oily skin types.\u003c/p\u003e\r\n\u003cp\u003eWill Applying This Face Pack Be Messy?\u003c/p\u003e\r\n\u003cp\u003eNo. Mamaearth Tea Tree Oil Control Face Pack is easy to use and mess-free. It comes with a spatula to maintain hygienic application.\u003c/p\u003e\r\n\u003cp\u003eWill It Make My Skin Dry?\u003c/p\u003e\r\n\u003cp\u003eNo, Mamaearth Tea Tree Oil Control Face Pack won’t leave your skin dry. However, we recommend you to always moisturize your skin after rinsing off the Face Pack.\u003c/p\u003e\r\n\u003c/div\u003e"},{"attribute_code":"attribute_value_1","value":"\u003cdiv class=\"list-banner\"\u003e\u003cimg src=\"https://images.mamaearth.in/wysiwyg/All-Aplus/Face-Packs/Tea-Tree-Face-Pack-new-aplus.jpg\" alt=\"Mamaearth Tea Tree Oil Control Face Pack\" /\u003e\r\n\u003cp style=\"text-align: center;\"\u003eMamaearth Tea Tree Oil Control Face Pack\u003c/p\u003e\r\n\u003c/div\u003e"},{"attribute_code":"special_from_date","value":"2025-04-02 00:00:00"}],"hide_in_front":0,"imageAltTags":[],"is_in_stock":true,"name":"Tea Tree Oil Control Face Pack with Tea Tree \u0026 Salicylic Acid for Normal to Oily Skin - 200 g","price":"499.00","product_card_tags":"Natural, DIY-like Texture | Controls Oil Production | Crafted with Nature’s Best Ingredients | Free From Harmful Chemicals","sku":"8904417320633","special_price":"","special_price_from_date":{"date":"2025-04-02 05:30:00","timezone_type":3,"timezone":"Asia/Kolkata"},"tags":"New Launch","url_key":"tea-tree-oil-control-face-pack-with-tea-tree-salicylic-acid-for-normal-to-oily-skin-200-g","position":"1","avg_rating_percent":100,"image":"/1/_/1_119.jpg","review_count":10,"product_subtitle_keys":["Buy 1 Get 1 FREE"," Face Pack"," Tea Tree"],"configurable_option":{"attribute_id":345,"option_id":514,"attribute_label":"New_FacePacks","title":"Tea Tree","swatch_data":{"swatch_id":754,"option_id":514,"store_id":1,"type":0,"value":"Tea Tree"}},"siblings":[{"id":1569,"sku":"8904417320510","name":"Ubtan Detan Face Pack with Turmeric \u0026 Saffron for Normal to Oily Skin - 200 g","url_key":"ubtan-detan-face-pack-with-turmeric-saffron-for-normal-to-oily-skin-200-g","price":"499.00","is_in_stock":true,"custom_attributes":[{"attribute_code":"saving_scheme","value":"price_per_100_gm"},{"attribute_code":"volume","value":"200"}],"special_price":"","parent_id":1587,"attribute_id":345,"option_id":512,"parent_sku":"567893456782345","attribute_label":"New_FacePacks","title":"Ubtan","swatch_data":{"swatch_id":750,"option_id":512,"store_id":1,"type":0,"value":"Ubtan"},"special_from_date":{"date":"2025-03-24 05:30:00","timezone_type":3,"timezone":"Asia/Kolkata"}},{"id":1571,"sku":"8904417320565","name":"Vitamin C Daily Glow Face Pack with Vitamin C \u0026 Turmeric for Illuminating Skin - 200 g","url_key":"vitamin-c-daily-glow-face-pack-with-vitamin-c-turmeric-for-illuminating-skin-200-g","price":"499.00","is_in_stock":true,"custom_attributes":[{"attribute_code":"saving_scheme","value":"price_per_100_gm"},{"attribute_code":"volume","value":"200"}],"special_price":"","parent_id":1587,"attribute_id":345,"option_id":513,"parent_sku":"567893456782345","attribute_label":"New_FacePacks","title":"Vitamin C","swatch_data":{"swatch_id":752,"option_id":513,"store_id":1,"type":0,"value":"Vitamin C"},"special_from_date":{"date":"2025-03-24 05:30:00","timezone_type":3,"timezone":"Asia/Kolkata"}},{"id":1573,"sku":"8904417320534","name":"Charcoal Purifying Face Pack with Activated Charcoal \u0026 Glycolic Acid for Skin Detoxification - 200g","url_key":"charcoal-purifying-face-pack-with-activated-charcoal-glycolic-acid-for-skin-detoxification","price":"499.00","is_in_stock":true,"custom_attributes":[{"attribute_code":"saving_scheme","value":"price_per_100_gm"},{"attribute_code":"volume","value":"200"}],"special_price":"","parent_id":1587,"attribute_id":345,"option_id":515,"parent_sku":"567893456782345","attribute_label":"New_FacePacks","title":"Charcoal","swatch_data":{"swatch_id":756,"option_id":515,"store_id":1,"type":0,"value":"Charcoal"},"special_from_date":{"date":"2025-03-24 05:30:00","timezone_type":3,"timezone":"Asia/Kolkata"}},{"id":1574,"sku":"8904417320541","name":" Rice Dewy Bright Face Pack with Rice Water \u0026 Niacinamide for For Glass Skin - 200 g","url_key":"rice-dewy-bright-face-pack-with-rice-water-niacinamide-for-for-glass-skin-200-g","price":"499.00","is_in_stock":true,"custom_attributes":[{"attribute_code":"saving_scheme","value":"price_per_100_gm"},{"attribute_code":"volume","value":"200"}],"special_price":"","parent_id":1587,"attribute_id":345,"option_id":516,"parent_sku":"567893456782345","attribute_label":"New_FacePacks","title":"Rice","swatch_data":{"swatch_id":758,"option_id":516,"store_id":1,"type":0,"value":"Rice"},"special_from_date":{"date":"2025-03-27 05:30:00","timezone_type":3,"timezone":"Asia/Kolkata"}},{"id":1568,"sku":"8904417320480","name":"Chia Hydra-Calm Face Pack with Chia Seed \u0026 Ceramides for Healthy Skin Barrier - 200 g","url_key":"chia-hydra-calm-face-pack-with-chia-seed-ceramides-for-healthy-skin-barrier-200-g","price":"499.00","is_in_stock":true,"custom_attributes":[{"attribute_code":"saving_scheme","value":"price_per_100_gm"},{"attribute_code":"volume","value":"200"}],"special_price":"","parent_id":1587,"attribute_id":345,"option_id":517,"parent_sku":"567893456782345","attribute_label":"New_FacePacks","title":"Chia","swatch_data":{"swatch_id":760,"option_id":517,"store_id":1,"type":0,"value":"Chia"},"special_from_date":{"date":"2025-03-24 05:30:00","timezone_type":3,"timezone":"Asia/Kolkata"}},{"id":1570,"sku":"8904417320527","name":"Multani Mitti Oil Balance Face Pack with Multani Mitti \u0026 Bulgarian Rose for Normal to Oily Skin - 200 g","url_key":"multani-mitti-oil-balance-face-pack-with-multani-mitti-bulgarian-rose-for-normal-to-oily-skin-200-g","price":"499.00","is_in_stock":true,"custom_attributes":[{"attribute_code":"saving_scheme","value":"price_per_100_gm"},{"attribute_code":"volume","value":"200"}],"special_price":"","parent_id":1587,"attribute_id":345,"option_id":518,"parent_sku":"567893456782345","attribute_label":"New_FacePacks","title":"Multani Mitti","swatch_data":{"swatch_id":762,"option_id":518,"store_id":1,"type":0,"value":"Multani Mitti"},"special_from_date":{"date":"2025-03-24 05:30:00","timezone_type":3,"timezone":"Asia/Kolkata"}}],"size":"200g","unitPrice":"2.50/g","old_productid":"1571","generic_name":null},{"id":1567,"tier_prices":[],"avg_rating_percent":100,"categories":[2,5,45,157,218,66,77,402,97,380,386],"created_at":"2025-03-20 09:55:54","custom_attributes":[{"attribute_code":"manufacturer","value":"VA Lifesciences LLP, plot No. 9D, Sector – 2, Parwanoo, Himachal Pradesh, India – 173220. "},{"attribute_code":"meta_title","value":"Vitamin C Daily Glow Light Gel Moisturizer with Vitamin C \u0026 Turmeric for Skin Brightening - 200 g"},{"attribute_code":"meta_description","value":"Vitamin C Daily Glow Light Gel Moisturizer with Vitamin C \u0026 Turmeric for Skin Brightening - 200 g "},{"attribute_code":"image","value":"/1/_/1_114.jpg"},{"attribute_code":"small_image","value":"/1/_/1_114.jpg"},{"attribute_code":"thumbnail","value":"/1/_/1_114.jpg"},{"attribute_code":"options_container","value":"container2"},{"attribute_code":"country_of_manufacture","value":"IN"},{"attribute_code":"url_key","value":"vitamin-c-daily-glow-light-gel-moisturizer-with-vitamin-c-turmeric-for-skin-brightening-200-g"},{"attribute_code":"msrp_display_actual_price_type","value":"0"},{"attribute_code":"gift_message_available","value":"2"},{"attribute_code":"swatch_image","value":"/1/_/1_114.jpg"},{"attribute_code":"attribute_label_1","value":"About Mamaearth Vitamin C Daily Glow Light Gel Moisturizer"},{"attribute_code":"attribute_label_2","value":"Key Ingredients"},{"attribute_code":"attribute_label_3","value":"How to Use"},{"attribute_code":"attribute_label_4","value":"Who can Use"},{"attribute_code":"attribute_label_5","value":"Why Mamaearth"},{"attribute_code":"attribute_label_6","value":"Ingredient List"},{"attribute_code":"attribute_label_7","value":"FAQs"},{"attribute_code":"best_before","value":"24 Months"},{"attribute_code":"dimensions","value":"10 * 5 * 5 cm"},{"attribute_code":"ean_code","value":"8904417319880"},{"attribute_code":"mrp","value":"499"},{"attribute_code":"old_productid","value":"1566"},{"attribute_code":"tags","value":"New Launch"},{"attribute_code":"marketed_by","value":"Honasa Consumer Limited, 10th and 11th Floor, Capital Cyberscape, Sector 59, Gurugram, Haryana, 122101"},{"attribute_code":"live_url","value":"https://mamaearth.in/product/vitamin-c-daily-glow-light-gel-moisturizer-with-vitamin-c-turmeric-for-skin-brightening-200-g"},{"attribute_code":"license_no","value":"M. : HIM/COS/20/305"},{"attribute_code":"length","value":"10"},{"attribute_code":"google_category","value":"2915"},{"attribute_code":"cms_sequence","value":"1,2,3,4,5,6,7,8"},{"attribute_code":"width","value":"5"},{"attribute_code":"height","value":"5"},{"attribute_code":"breadcrumb_category","value":"157","title":"Face Moisturizer in India","url_key":"face-moisturizer"},{"attribute_code":"brand","value":"4"},{"attribute_code":"product_card_tags","value":"Long-lasting, Non-sticky Hydration | Free from Harmful Chemicals | Brightens Skin | Oil-free, Lightweight \u0026 Quick-absorbing"},{"attribute_code":"saving_scheme","value":"price_per_100_gm"},{"attribute_code":"product_subtitle_keys","value":"Buy 1 Get 1 FREE, Moisturizer, Vitamin C"},{"attribute_code":"is_suitable_for_skin_type","value":"463,464,465,466","label":"sensitive, dry, normal, oily"},{"attribute_code":"tax_class_id","value":"2"},{"attribute_code":"create_scarcity","value":"0"},{"attribute_code":"hide_product_infront","value":"0"},{"attribute_code":"show_in_feed","value":"1"},{"attribute_code":"base_category","value":"86"},{"attribute_code":"base_sub_category","value":"62"},{"attribute_code":"key_ingredient","value":"501"},{"attribute_code":"show_price_per_unit","value":"1"},{"attribute_code":"volume","value":"200"},{"attribute_code":"enable_fbt_popup","value":"0"},{"attribute_code":"enable_product_for_wa_commerce","value":"0"},{"attribute_code":"strikethrough","value":"0"},{"attribute_code":"light_gel_moisturizer","value":"519"},{"attribute_code":"meta_keyword","value":"Vitamin C Daily Glow Light Gel Moisturizer with Vitamin C \u0026 Turmeric for Skin Brightening - 200 g"},{"attribute_code":"attribute_value_1","value":"\u003cdiv class=\"list-banner\"\u003e\u003cimg src=\"https://images.mamaearth.in/wysiwyg/All-Aplus/Vitammin-cMoisturizer-200g-aplus.jpg\" alt=\"Vitamin C Daily Glow Light Gel Moisturizer\" width=\"973\" height=\"3100\" /\u003e\r\n\u003cp style=\"text-align: center;\"\u003eVitamin C Daily Glow Light Gel Moisturizer- 200 g\u003c/p\u003e\r\n\u003c/div\u003e"},{"attribute_code":"attribute_value_2","value":"\u003cul class=\"woodmart-list\"\u003e\r\n\u003cli\u003e\r\n\u003cdiv class=\"list-icon\"\u003e\u003cimg src=\"https://images.mamaearth.in/wysiwyg/ing-list/vitc-tonic.jpg\" alt=\"Baby Shampoo in India with Oats for hair growth\" /\u003e\u003c/div\u003e\r\n\u003cspan class=\"list-content\" style=\"text-align: justify;\"\u003e\u003cstrong\u003eVitamin C: \u003c/strong\u003eIt helps reduce pigmentation \u0026 dullness.\u003c/span\u003e\u003c/li\u003e\r\n\u003cli\u003e\r\n\u003cdiv class=\"list-icon\"\u003e\u003cimg src=\"https://images.mamaearth.in/wysiwyg/ing-list/turm-12.jpg\" alt=\"Soft Shampoo for hair growth with Calendula\" /\u003e\u003c/div\u003e\r\n\u003cspan class=\"list-content\" style=\"text-align: justify;\"\u003e\u003cstrong\u003eTurmeric: \u003c/strong\u003eIt purifies skin \u0026 revives your natural glow. \u003c/span\u003e\u003c/li\u003e\r\n\u003cli\u003e\r\n\u003cdiv class=\"list-icon\"\u003e\u003cimg src=\"https://images.mamaearth.in/wysiwyg/ing-list/nia1.png\" alt=\"Safest Baby Shampoo with Milk Prottein\" /\u003e\u003c/div\u003e\r\n\u003cspan class=\"list-content\" style=\"text-align: justify;\"\u003e\u003cstrong\u003eNiacinamide: \u003c/strong\u003eIt fades out hyperpigmentation and evens out skin tone.\u003c/span\u003e\u003c/li\u003e\r\n\u003cli\u003e\r\n\u003cdiv class=\"list-icon\"\u003e\u003cimg src=\"https://images.mamaearth.in/wysiwyg/ing-list/glyc1.png\" alt=\"Safest Baby Shampoo with Milk Prottein\" /\u003e\u003c/div\u003e\r\n\u003cspan class=\"list-content\" style=\"text-align: justify;\"\u003e\u003cstrong\u003eGlycerin:\u003c/strong\u003e It nourishes skin \u0026amp; locks-in moisture.\u003c/span\u003e\u003c/li\u003e\r\n\u003c/ul\u003e"},{"attribute_code":"attribute_value_3","value":"\u003cul\u003e\r\n\u003cli\u003e\u003cspan class=\"list-content\"\u003e\u003cstrong\u003eStep 1 : \u003c/strong\u003e Take an adequate amount of the gel moisturizer. \u003c/span\u003e\u003c/li\u003e\r\n\u003cli\u003e\u003cspan class=\"list-content\"\u003e\u003cstrong\u003eStep 2 : \u003c/strong\u003e Gently massage all over your face \u0026amp; body. \u003c/span\u003e\u003c/li\u003e\r\n\u003cli\u003e\u003cspan class=\"list-content\"\u003e\u003cstrong\u003eStep 3 : \u003c/strong\u003eUse twice a day for soft, fresh \u0026amp; hydrated skin.\u003c/span\u003e\u003c/li\u003e\r\n\u003c/ul\u003e"},{"attribute_code":"attribute_value_4","value":"\u003cul style=\"list-style: disc; padding-left: 1em;\"\u003e\r\n\u003cli\u003e\u003cspan class=\"list-content\"\u003eAnyone who’s 18 years \u0026amp; above\u003c/span\u003e\u003c/li\u003e\r\n\u003cli\u003e\u003cspan class=\"list-content\"\u003eSuitable for all skin types\u003c/span\u003e\u003c/li\u003e\r\n\u003c/ul\u003e"},{"attribute_code":"attribute_value_5","value":"\u003cul class=\"compare-list\"\u003e\r\n\u003cli\u003e\r\n\u003cdiv class=\"compare-content\"\u003e\r\n\u003cul\u003e\r\n\u003cli style=\"font-weight: 400;\" aria-level=\"1\"\u003e\u003cspan style=\"font-weight: 400;\"\u003eIntensely Hydrates\u003c/span\u003e\u003c/li\u003e\r\n\u003cli style=\"font-weight: 400;\" aria-level=\"1\"\u003e\u003cspan style=\"font-weight: 400;\"\u003eProvides 48* Hrs Long-lasting Hydration\u003c/span\u003e\u003c/li\u003e\r\n\u003cli style=\"font-weight: 400;\" aria-level=\"1\"\u003e\u003cspan style=\"font-weight: 400;\"\u003eMakes skin refreshed\u003c/span\u003e\u003c/li\u003e\r\n\u003cli style=\"font-weight: 400;\" aria-level=\"1\"\u003e\u003cspan style=\"font-weight: 400;\"\u003eCrafted with Natural Ingredients\u003c/span\u003e\u003c/li\u003e\r\n\u003cli style=\"font-weight: 400;\" aria-level=\"1\"\u003e\u003cspan style=\"font-weight: 400;\"\u003eMade Safe Approved\u003c/span\u003e\u003c/li\u003e\r\n\u003cli style=\"font-weight: 400;\" aria-level=\"1\"\u003e\u003cspan style=\"font-weight: 400;\"\u003eSuitable For All Skin Types\u003c/span\u003e\u003c/li\u003e\r\n\u003cli style=\"font-weight: 400;\" aria-level=\"1\"\u003e\u003cspan style=\"font-weight: 400;\"\u003eSuitable For Dry Skin\u003c/span\u003e\u003c/li\u003e\r\n\u003cli style=\"font-weight: 400;\" aria-level=\"1\"\u003e\u003cspan style=\"font-weight: 400;\"\u003eDermatologically Tested\u003c/span\u003e\u003c/li\u003e\r\n\u003cli style=\"font-weight: 400;\" aria-level=\"1\"\u003e\u003cspan style=\"font-weight: 400;\"\u003eCruelty-Free\u003c/span\u003e\u003c/li\u003e\r\n\u003cli style=\"font-weight: 400;\" aria-level=\"1\"\u003e\u003cspan style=\"font-weight: 400;\"\u003eToxin-Free \u0026amp; No Harmful Chemicals\u003c/span\u003e\u003c/li\u003e\r\n\u003c/ul\u003e\r\n\u003c/div\u003e\r\n\u003c/li\u003e\r\n\u003cli\u003e\r\n\u003cdiv class=\"compare-content\"\u003e\r\n\u003cul\u003e\r\n\u003cli style=\"font-weight: 400;\" aria-level=\"1\"\u003e\u003cspan style=\"font-weight: 400;\"\u003eNot Hydrating Enough\u003c/span\u003e\u003c/li\u003e\r\n\u003cli style=\"font-weight: 400;\" aria-level=\"1\"\u003e\u003cspan style=\"font-weight: 400;\"\u003eProvides Short-term Hydration\u003c/span\u003e\u003c/li\u003e\r\n\u003cli style=\"font-weight: 400;\" aria-level=\"1\"\u003e\u003cspan style=\"font-weight: 400;\"\u003eDoesn’t Make Skin Refreshed\u003c/span\u003e\u003c/li\u003e\r\n\u003cli style=\"font-weight: 400;\" aria-level=\"1\"\u003e\u003cspan style=\"font-weight: 400;\"\u003eNot Crafted with Natural Ingredients\u003c/span\u003e\u003c/li\u003e\r\n\u003cli style=\"font-weight: 400;\" aria-level=\"1\"\u003e\u003cspan style=\"font-weight: 400;\"\u003eNot Made Safe Approved\u003c/span\u003e\u003c/li\u003e\r\n\u003cli style=\"font-weight: 400;\" aria-level=\"1\"\u003e\u003cspan style=\"font-weight: 400;\"\u003eNot Suitable for All Skin Types\u003c/span\u003e\u003c/li\u003e\r\n\u003cli style=\"font-weight: 400;\" aria-level=\"1\"\u003e\u003cspan style=\"font-weight: 400;\"\u003eNot Suitable For Dry Skin\u003c/span\u003e\u003c/li\u003e\r\n\u003cli style=\"font-weight: 400;\" aria-level=\"1\"\u003e\u003cspan style=\"font-weight: 400;\"\u003eNot Dermatologically Tested\u003c/span\u003e\u003c/li\u003e\r\n\u003cli style=\"font-weight: 400;\" aria-level=\"1\"\u003e\u003cspan style=\"font-weight: 400;\"\u003eNot Cruelty-free\u003c/span\u003e\u003c/li\u003e\r\n\u003cli style=\"font-weight: 400;\" aria-level=\"1\"\u003e\u003cspan style=\"font-weight: 400;\"\u003eContains Harmful Chemicals\u003c/span\u003e\u003c/li\u003e\r\n\u003c/ul\u003e\r\n\u003c/div\u003e\r\n\u003c/li\u003e\r\n\u003c/ul\u003e"},{"attribute_code":"attribute_value_6","value":"\u003ctable\u003e\r\n\u003ctbody\u003e\r\n\u003ctr\u003e\r\n\u003ctd\u003e\r\n\u003cp\u003e\u003cstrong\u003eIngredient\u003c/strong\u003e\u003c/p\u003e\r\n\u003c/td\u003e\r\n\u003ctd\u003e\r\n\u003cp\u003e\u003cstrong\u003eType\u003c/strong\u003e\u003c/p\u003e\r\n\u003c/td\u003e\r\n\u003ctd\u003e\r\n\u003cp\u003e\u003cstrong\u003eWhere It’s From\u003c/strong\u003e\u003c/p\u003e\r\n\u003c/td\u003e\r\n\u003ctd\u003e\r\n\u003cp\u003e\u003cstrong\u003eHow It Helps\u003c/strong\u003e\u003c/p\u003e\r\n\u003c/td\u003e\r\n\u003c/tr\u003e\r\n\u003ctr\u003e\r\n\u003ctd\u003e\r\n\u003cp\u003e\u003cspan style=\"font-weight: 400;\"\u003eCitrus Limon (Lemon) Water\u003c/span\u003e\u003c/p\u003e\r\n\u003c/td\u003e\r\n\u003ctd\u003e\r\n\u003cp\u003e\u003cspan style=\"font-weight: 400;\"\u003eNatural\u003c/span\u003e\u003c/p\u003e\r\n\u003c/td\u003e\r\n\u003ctd\u003e\r\n\u003cp\u003e\u003cspan style=\"font-weight: 400;\"\u003ePlant-based\u003c/span\u003e\u003c/p\u003e\r\n\u003c/td\u003e\r\n\u003ctd\u003e\r\n\u003cp\u003e\u003cspan style=\"font-weight: 400;\"\u003eBrightens Skin, Antioxidant\u003c/span\u003e\u003c/p\u003e\r\n\u003c/td\u003e\r\n\u003c/tr\u003e\r\n\u003ctr\u003e\r\n\u003ctd\u003e\r\n\u003cp\u003e\u003cspan style=\"font-weight: 400;\"\u003eGlycerin\u003c/span\u003e\u003c/p\u003e\r\n\u003c/td\u003e\r\n\u003ctd\u003e\r\n\u003cp\u003e\u003cspan style=\"font-weight: 400;\"\u003eNatural\u003c/span\u003e\u003c/p\u003e\r\n\u003c/td\u003e\r\n\u003ctd\u003e\r\n\u003cp\u003e\u003cspan style=\"font-weight: 400;\"\u003ePlant-based\u003c/span\u003e\u003c/p\u003e\r\n\u003c/td\u003e\r\n\u003ctd\u003e\r\n\u003cp\u003e\u003cspan style=\"font-weight: 400;\"\u003eMoisturizing Agent\u003c/span\u003e\u003c/p\u003e\r\n\u003c/td\u003e\r\n\u003c/tr\u003e\r\n\u003ctr\u003e\r\n\u003ctd\u003e\r\n\u003cp\u003e\u003cspan style=\"font-weight: 400;\"\u003eButylene Glycol\u003c/span\u003e\u003c/p\u003e\r\n\u003c/td\u003e\r\n\u003ctd\u003e\r\n\u003cp\u003e\u003cspan style=\"font-weight: 400;\"\u003eNatural\u003c/span\u003e\u003c/p\u003e\r\n\u003c/td\u003e\r\n\u003ctd\u003e\r\n\u003cp\u003e\u003cspan style=\"font-weight: 400;\"\u003ePlant-based\u003c/span\u003e\u003c/p\u003e\r\n\u003c/td\u003e\r\n\u003ctd\u003e\r\n\u003cp\u003e\u003cspan style=\"font-weight: 400;\"\u003eMoisturizing Agent\u003c/span\u003e\u003c/p\u003e\r\n\u003c/td\u003e\r\n\u003c/tr\u003e\r\n\u003ctr\u003e\r\n\u003ctd\u003e\r\n\u003cp\u003e\u003cspan style=\"font-weight: 400;\"\u003e1,3-Propanediol\u003c/span\u003e\u003c/p\u003e\r\n\u003c/td\u003e\r\n\u003ctd\u003e\r\n\u003cp\u003e\u003cspan style=\"font-weight: 400;\"\u003eNatural\u003c/span\u003e\u003c/p\u003e\r\n\u003c/td\u003e\r\n\u003ctd\u003e\r\n\u003cp\u003e\u003cspan style=\"font-weight: 400;\"\u003ePlant-based\u003c/span\u003e\u003c/p\u003e\r\n\u003c/td\u003e\r\n\u003ctd\u003e\r\n\u003cp\u003e\u003cspan style=\"font-weight: 400;\"\u003eMoisturizing Agent\u003c/span\u003e\u003c/p\u003e\r\n\u003c/td\u003e\r\n\u003c/tr\u003e\r\n\u003ctr\u003e\r\n\u003ctd\u003e\r\n\u003cp\u003e\u003cspan style=\"font-weight: 400;\"\u003eDicaprylyl Carbonate\u003c/span\u003e\u003c/p\u003e\r\n\u003c/td\u003e\r\n\u003ctd\u003e\r\n\u003cp\u003e\u003cspan style=\"font-weight: 400;\"\u003eNatural\u003c/span\u003e\u003c/p\u003e\r\n\u003c/td\u003e\r\n\u003ctd\u003e\r\n\u003cp\u003e\u003cspan style=\"font-weight: 400;\"\u003ePlant-based\u003c/span\u003e\u003c/p\u003e\r\n\u003c/td\u003e\r\n\u003ctd\u003e\r\n\u003cp\u003e\u003cspan style=\"font-weight: 400;\"\u003eConditioning Agent\u003c/span\u003e\u003c/p\u003e\r\n\u003c/td\u003e\r\n\u003c/tr\u003e\r\n\u003ctr\u003e\r\n\u003ctd\u003e\r\n\u003cp\u003e\u003cspan style=\"font-weight: 400;\"\u003eNiacinamide\u003c/span\u003e\u003c/p\u003e\r\n\u003c/td\u003e\r\n\u003ctd\u003e\r\n\u003cp\u003e\u003cspan style=\"font-weight: 400;\"\u003eNatural\u003c/span\u003e\u003c/p\u003e\r\n\u003c/td\u003e\r\n\u003ctd\u003e\r\n\u003cp\u003e\u003cspan style=\"font-weight: 400;\"\u003ePlant-based\u003c/span\u003e\u003c/p\u003e\r\n\u003c/td\u003e\r\n\u003ctd\u003e\r\n\u003cp\u003e\u003cspan style=\"font-weight: 400;\"\u003eBrightens Skin\u003c/span\u003e\u003c/p\u003e\r\n\u003c/td\u003e\r\n\u003c/tr\u003e\r\n\u003ctr\u003e\r\n\u003ctd\u003e\r\n\u003cp\u003e\u003cspan style=\"font-weight: 400;\"\u003eAmmonium Acryloyldimethyltaurate/VP Copolymer\u003c/span\u003e\u003c/p\u003e\r\n\u003c/td\u003e\r\n\u003ctd\u003e\r\n\u003cp\u003e\u003cspan style=\"font-weight: 400;\"\u003eSynthetic \u003c/span\u003e\u003c/p\u003e\r\n\u003c/td\u003e\r\n\u003ctd\u003e\r\n\u003cp\u003e\u003cspan style=\"font-weight: 400;\"\u003eLab-derived\u003c/span\u003e\u003c/p\u003e\r\n\u003c/td\u003e\r\n\u003ctd\u003e\r\n\u003cp\u003e\u003cspan style=\"font-weight: 400;\"\u003eThickening Agent\u003c/span\u003e\u003c/p\u003e\r\n\u003c/td\u003e\r\n\u003c/tr\u003e\r\n\u003ctr\u003e\r\n\u003ctd\u003e\r\n\u003cp\u003e\u003cspan style=\"font-weight: 400;\"\u003eEthyl Olivate\u003c/span\u003e\u003c/p\u003e\r\n\u003c/td\u003e\r\n\u003ctd\u003e\r\n\u003cp\u003e\u003cspan style=\"font-weight: 400;\"\u003eNatural\u003c/span\u003e\u003c/p\u003e\r\n\u003c/td\u003e\r\n\u003ctd\u003e\r\n\u003cp\u003e\u003cspan style=\"font-weight: 400;\"\u003ePlant-based\u003c/span\u003e\u003c/p\u003e\r\n\u003c/td\u003e\r\n\u003ctd\u003e\r\n\u003cp\u003e\u003cspan style=\"font-weight: 400;\"\u003eHydrates \u0026amp; Soothes Skin\u003c/span\u003e\u003c/p\u003e\r\n\u003c/td\u003e\r\n\u003c/tr\u003e\r\n\u003ctr\u003e\r\n\u003ctd\u003e\r\n\u003cp\u003e\u003cspan style=\"font-weight: 400;\"\u003eIsohexadecane\u003c/span\u003e\u003c/p\u003e\r\n\u003c/td\u003e\r\n\u003ctd\u003e\r\n\u003cp\u003e\u003cspan style=\"font-weight: 400;\"\u003eSynthetic \u003c/span\u003e\u003c/p\u003e\r\n\u003c/td\u003e\r\n\u003ctd\u003e\r\n\u003cp\u003e\u003cspan style=\"font-weight: 400;\"\u003eLab-derived\u003c/span\u003e\u003c/p\u003e\r\n\u003c/td\u003e\r\n\u003ctd\u003e\r\n\u003cp\u003e\u003cspan style=\"font-weight: 400;\"\u003eEmollient\u003c/span\u003e\u003c/p\u003e\r\n\u003c/td\u003e\r\n\u003c/tr\u003e\r\n\u003ctr\u003e\r\n\u003ctd\u003e\r\n\u003cp\u003e\u003cspan style=\"font-weight: 400;\"\u003eErythritol\u003c/span\u003e\u003c/p\u003e\r\n\u003c/td\u003e\r\n\u003ctd\u003e\r\n\u003cp\u003e\u003cspan style=\"font-weight: 400;\"\u003eNatural\u003c/span\u003e\u003c/p\u003e\r\n\u003c/td\u003e\r\n\u003ctd\u003e\r\n\u003cp\u003e\u003cspan style=\"font-weight: 400;\"\u003ePlant-based\u003c/span\u003e\u003c/p\u003e\r\n\u003c/td\u003e\r\n\u003ctd\u003e\r\n\u003cp\u003e\u003cspan style=\"font-weight: 400;\"\u003eHumectant\u003c/span\u003e\u003c/p\u003e\r\n\u003c/td\u003e\r\n\u003c/tr\u003e\r\n\u003ctr\u003e\r\n\u003ctd\u003e\r\n\u003cp\u003e\u003cspan style=\"font-weight: 400;\"\u003eCurcuma Longa Extract\u003c/span\u003e\u003c/p\u003e\r\n\u003c/td\u003e\r\n\u003ctd\u003e\r\n\u003cp\u003e\u003cspan style=\"font-weight: 400;\"\u003eNatural\u003c/span\u003e\u003c/p\u003e\r\n\u003c/td\u003e\r\n\u003ctd\u003e\r\n\u003cp\u003e\u003cspan style=\"font-weight: 400;\"\u003ePlant-based\u003c/span\u003e\u003c/p\u003e\r\n\u003c/td\u003e\r\n\u003ctd\u003e\r\n\u003cp\u003e\u003cspan style=\"font-weight: 400;\"\u003eAnti-inflammatory, Antioxidant\u003c/span\u003e\u003c/p\u003e\r\n\u003c/td\u003e\r\n\u003c/tr\u003e\r\n\u003ctr\u003e\r\n\u003ctd\u003e\r\n\u003cp\u003e\u003cspan style=\"font-weight: 400;\"\u003eSodium Ascorbyl Phosphate VitaminC\u003c/span\u003e\u003c/p\u003e\r\n\u003c/td\u003e\r\n\u003ctd\u003e\r\n\u003cp\u003e\u003cspan style=\"font-weight: 400;\"\u003eNatural\u003c/span\u003e\u003c/p\u003e\r\n\u003c/td\u003e\r\n\u003ctd\u003e\r\n\u003cp\u003e\u003cspan style=\"font-weight: 400;\"\u003ePlant-based\u003c/span\u003e\u003c/p\u003e\r\n\u003c/td\u003e\r\n\u003ctd\u003e\r\n\u003cp\u003e\u003cspan style=\"font-weight: 400;\"\u003eBrightens Skin, Antioxidant\u003c/span\u003e\u003c/p\u003e\r\n\u003c/td\u003e\r\n\u003c/tr\u003e\r\n\u003ctr\u003e\r\n\u003ctd\u003e\r\n\u003cp\u003e\u003cspan style=\"font-weight: 400;\"\u003eXylitylglucoside\u003c/span\u003e\u003c/p\u003e\r\n\u003c/td\u003e\r\n\u003ctd\u003e\r\n\u003cp\u003e\u003cspan style=\"font-weight: 400;\"\u003eNatural\u003c/span\u003e\u003c/p\u003e\r\n\u003c/td\u003e\r\n\u003ctd\u003e\r\n\u003cp\u003e\u003cspan style=\"font-weight: 400;\"\u003ePlant-based\u003c/span\u003e\u003c/p\u003e\r\n\u003c/td\u003e\r\n\u003ctd\u003e\r\n\u003cp\u003e\u003cspan style=\"font-weight: 400;\"\u003eHumectant\u003c/span\u003e\u003c/p\u003e\r\n\u003c/td\u003e\r\n\u003c/tr\u003e\r\n\u003ctr\u003e\r\n\u003ctd\u003e\r\n\u003cp\u003e\u003cspan style=\"font-weight: 400;\"\u003eAnhydroxylitol\u003c/span\u003e\u003c/p\u003e\r\n\u003c/td\u003e\r\n\u003ctd\u003e\r\n\u003cp\u003e\u003cspan style=\"font-weight: 400;\"\u003eNatural\u003c/span\u003e\u003c/p\u003e\r\n\u003c/td\u003e\r\n\u003ctd\u003e\r\n\u003cp\u003e\u003cspan style=\"font-weight: 400;\"\u003ePlant-based\u003c/span\u003e\u003c/p\u003e\r\n\u003c/td\u003e\r\n\u003ctd\u003e\r\n\u003cp\u003e\u003cspan style=\"font-weight: 400;\"\u003eHydrates Skin\u003c/span\u003e\u003c/p\u003e\r\n\u003c/td\u003e\r\n\u003c/tr\u003e\r\n\u003ctr\u003e\r\n\u003ctd\u003e\r\n\u003cp\u003e\u003cspan style=\"font-weight: 400;\"\u003eXylitol\u003c/span\u003e\u003c/p\u003e\r\n\u003c/td\u003e\r\n\u003ctd\u003e\r\n\u003cp\u003e\u003cspan style=\"font-weight: 400;\"\u003eNatural\u003c/span\u003e\u003c/p\u003e\r\n\u003c/td\u003e\r\n\u003ctd\u003e\r\n\u003cp\u003e\u003cspan style=\"font-weight: 400;\"\u003ePlant-based\u003c/span\u003e\u003c/p\u003e\r\n\u003c/td\u003e\r\n\u003ctd\u003e\r\n\u003cp\u003e\u003cspan style=\"font-weight: 400;\"\u003eHydrates Skin\u003c/span\u003e\u003c/p\u003e\r\n\u003c/td\u003e\r\n\u003c/tr\u003e\r\n\u003ctr\u003e\r\n\u003ctd\u003e\r\n\u003cp\u003e\u003cspan style=\"font-weight: 400;\"\u003eCitrus Limon (Lemon) Extract\u003c/span\u003e\u003c/p\u003e\r\n\u003c/td\u003e\r\n\u003ctd\u003e\r\n\u003cp\u003e\u003cspan style=\"font-weight: 400;\"\u003eNatural\u003c/span\u003e\u003c/p\u003e\r\n\u003c/td\u003e\r\n\u003ctd\u003e\r\n\u003cp\u003e\u003cspan style=\"font-weight: 400;\"\u003ePlant-based\u003c/span\u003e\u003c/p\u003e\r\n\u003c/td\u003e\r\n\u003ctd\u003e\r\n\u003cp\u003e\u003cspan style=\"font-weight: 400;\"\u003eAntioxidant \u0026amp; Brightening Agent\u003c/span\u003e\u003c/p\u003e\r\n\u003c/td\u003e\r\n\u003c/tr\u003e\r\n\u003ctr\u003e\r\n\u003ctd\u003e\r\n\u003cp\u003e\u003cspan style=\"font-weight: 400;\"\u003eSodium Hyaluronate Crosspolymer\u003c/span\u003e\u003c/p\u003e\r\n\u003c/td\u003e\r\n\u003ctd\u003e\r\n\u003cp\u003e\u003cspan style=\"font-weight: 400;\"\u003eSynthetic\u003c/span\u003e\u003c/p\u003e\r\n\u003c/td\u003e\r\n\u003ctd\u003e\r\n\u003cp\u003e\u003cspan style=\"font-weight: 400;\"\u003eLab-derived\u003c/span\u003e\u003c/p\u003e\r\n\u003c/td\u003e\r\n\u003ctd\u003e\r\n\u003cp\u003e\u003cspan style=\"font-weight: 400;\"\u003eProvides long-lasting hydration, improves skin elasticity\u003c/span\u003e\u003c/p\u003e\r\n\u003c/td\u003e\r\n\u003c/tr\u003e\r\n\u003ctr\u003e\r\n\u003ctd\u003e\r\n\u003cp\u003e\u003cspan style=\"font-weight: 400;\"\u003eSodium Hyaluronate\u003c/span\u003e\u003c/p\u003e\r\n\u003c/td\u003e\r\n\u003ctd\u003e\r\n\u003cp\u003e\u003cspan style=\"font-weight: 400;\"\u003eNatural\u003c/span\u003e\u003c/p\u003e\r\n\u003c/td\u003e\r\n\u003ctd\u003e\r\n\u003cp\u003e\u003cspan style=\"font-weight: 400;\"\u003ePlant-based\u003c/span\u003e\u003c/p\u003e\r\n\u003c/td\u003e\r\n\u003ctd\u003e\r\n\u003cp\u003e\u003cspan style=\"font-weight: 400;\"\u003eDeeply hydrates, plumps skin, retains moisture\u003c/span\u003e\u003c/p\u003e\r\n\u003c/td\u003e\r\n\u003c/tr\u003e\r\n\u003ctr\u003e\r\n\u003ctd\u003e\r\n\u003cp\u003e\u003cspan style=\"font-weight: 400;\"\u003eSodium Acetylated Hyaluronate\u003c/span\u003e\u003c/p\u003e\r\n\u003c/td\u003e\r\n\u003ctd\u003e\r\n\u003cp\u003e\u003cspan style=\"font-weight: 400;\"\u003eNatural\u003c/span\u003e\u003c/p\u003e\r\n\u003c/td\u003e\r\n\u003ctd\u003e\r\n\u003cp\u003e\u003cspan style=\"font-weight: 400;\"\u003eBiotechnological\u003c/span\u003e\u003c/p\u003e\r\n\u003c/td\u003e\r\n\u003ctd\u003e\r\n\u003cp\u003e\u003cspan style=\"font-weight: 400;\"\u003eHydrates Skin\u003c/span\u003e\u003c/p\u003e\r\n\u003c/td\u003e\r\n\u003c/tr\u003e\r\n\u003ctr\u003e\r\n\u003ctd\u003e\r\n\u003cp\u003e\u003cspan style=\"font-weight: 400;\"\u003eHydrolyzed Sodium Hyaluronate\u003c/span\u003e\u003c/p\u003e\r\n\u003c/td\u003e\r\n\u003ctd\u003e\r\n\u003cp\u003e\u003cspan style=\"font-weight: 400;\"\u003eNatural\u003c/span\u003e\u003c/p\u003e\r\n\u003c/td\u003e\r\n\u003ctd\u003e\r\n\u003cp\u003e\u003cspan style=\"font-weight: 400;\"\u003eBiotechnological\u003c/span\u003e\u003c/p\u003e\r\n\u003c/td\u003e\r\n\u003ctd\u003e\r\n\u003cp\u003e\u003cspan style=\"font-weight: 400;\"\u003eHydrates Skin\u003c/span\u003e\u003c/p\u003e\r\n\u003c/td\u003e\r\n\u003c/tr\u003e\r\n\u003ctr\u003e\r\n\u003ctd\u003e\r\n\u003cp\u003e\u003cspan style=\"font-weight: 400;\"\u003ePentylene Glycol\u003c/span\u003e\u003c/p\u003e\r\n\u003c/td\u003e\r\n\u003ctd\u003e\r\n\u003cp\u003e\u003cspan style=\"font-weight: 400;\"\u003eSynthetic \u003c/span\u003e\u003c/p\u003e\r\n\u003c/td\u003e\r\n\u003ctd\u003e\r\n\u003cp\u003e\u003cspan style=\"font-weight: 400;\"\u003eLab-derived\u003c/span\u003e\u003c/p\u003e\r\n\u003c/td\u003e\r\n\u003ctd\u003e\r\n\u003cp\u003e\u003cspan style=\"font-weight: 400;\"\u003eConditioning Agent\u003c/span\u003e\u003c/p\u003e\r\n\u003c/td\u003e\r\n\u003c/tr\u003e\r\n\u003ctr\u003e\r\n\u003ctd\u003e\r\n\u003cp\u003e\u003cspan style=\"font-weight: 400;\"\u003eEthylhexylglycerin\u003c/span\u003e\u003c/p\u003e\r\n\u003c/td\u003e\r\n\u003ctd\u003e\r\n\u003cp\u003e\u003cspan style=\"font-weight: 400;\"\u003eSynthetic \u003c/span\u003e\u003c/p\u003e\r\n\u003c/td\u003e\r\n\u003ctd\u003e\r\n\u003cp\u003e\u003cspan style=\"font-weight: 400;\"\u003eLab-derived\u003c/span\u003e\u003c/p\u003e\r\n\u003c/td\u003e\r\n\u003ctd\u003e\r\n\u003cp\u003e\u003cspan style=\"font-weight: 400;\"\u003ePreservative\u003c/span\u003e\u003c/p\u003e\r\n\u003c/td\u003e\r\n\u003c/tr\u003e\r\n\u003ctr\u003e\r\n\u003ctd\u003e\r\n\u003cp\u003e\u003cspan style=\"font-weight: 400;\"\u003ePhenoxyethanol\u003c/span\u003e\u003c/p\u003e\r\n\u003c/td\u003e\r\n\u003ctd\u003e\r\n\u003cp\u003e\u003cspan style=\"font-weight: 400;\"\u003eSynthetic \u003c/span\u003e\u003c/p\u003e\r\n\u003c/td\u003e\r\n\u003ctd\u003e\r\n\u003cp\u003e\u003cspan style=\"font-weight: 400;\"\u003eLab-derived\u003c/span\u003e\u003c/p\u003e\r\n\u003c/td\u003e\r\n\u003ctd\u003e\r\n\u003cp\u003e\u003cspan style=\"font-weight: 400;\"\u003ePreservative\u003c/span\u003e\u003c/p\u003e\r\n\u003c/td\u003e\r\n\u003c/tr\u003e\r\n\u003ctr\u003e\r\n\u003ctd\u003e\r\n\u003cp\u003e\u003cspan style=\"font-weight: 400;\"\u003eAmmonium Acryloyldimethyltaurate/Beheneth-25 Methacrylate Crosspolymer\u003c/span\u003e\u003c/p\u003e\r\n\u003c/td\u003e\r\n\u003ctd\u003e\r\n\u003cp\u003e\u003cspan style=\"font-weight: 400;\"\u003eSynthetic \u003c/span\u003e\u003c/p\u003e\r\n\u003c/td\u003e\r\n\u003ctd\u003e\r\n\u003cp\u003e\u003cspan style=\"font-weight: 400;\"\u003eLab-derived\u003c/span\u003e\u003c/p\u003e\r\n\u003c/td\u003e\r\n\u003ctd\u003e\r\n\u003cp\u003e\u003cspan style=\"font-weight: 400;\"\u003eThickening Agent\u003c/span\u003e\u003c/p\u003e\r\n\u003c/td\u003e\r\n\u003c/tr\u003e\r\n\u003ctr\u003e\r\n\u003ctd\u003e\r\n\u003cp\u003e\u003cspan style=\"font-weight: 400;\"\u003eSodium PCA\u003c/span\u003e\u003c/p\u003e\r\n\u003c/td\u003e\r\n\u003ctd\u003e\r\n\u003cp\u003e\u003cspan style=\"font-weight: 400;\"\u003eNatural\u003c/span\u003e\u003c/p\u003e\r\n\u003c/td\u003e\r\n\u003ctd\u003e\r\n\u003cp\u003e\u003cspan style=\"font-weight: 400;\"\u003ePlant-based\u003c/span\u003e\u003c/p\u003e\r\n\u003c/td\u003e\r\n\u003ctd\u003e\r\n\u003cp\u003e\u003cspan style=\"font-weight: 400;\"\u003eHydrates Skin\u003c/span\u003e\u003c/p\u003e\r\n\u003c/td\u003e\r\n\u003c/tr\u003e\r\n\u003ctr\u003e\r\n\u003ctd\u003e\r\n\u003cp\u003e\u003cspan style=\"font-weight: 400;\"\u003eTriheptanoin\u003c/span\u003e\u003c/p\u003e\r\n\u003c/td\u003e\r\n\u003ctd\u003e\r\n\u003cp\u003e\u003cspan style=\"font-weight: 400;\"\u003eNatural\u003c/span\u003e\u003c/p\u003e\r\n\u003c/td\u003e\r\n\u003ctd\u003e\r\n\u003cp\u003e\u003cspan style=\"font-weight: 400;\"\u003ePlant-based\u003c/span\u003e\u003c/p\u003e\r\n\u003c/td\u003e\r\n\u003ctd\u003e\r\n\u003cp\u003e\u003cspan style=\"font-weight: 400;\"\u003eEmollient\u003c/span\u003e\u003c/p\u003e\r\n\u003c/td\u003e\r\n\u003c/tr\u003e\r\n\u003ctr\u003e\r\n\u003ctd\u003e\r\n\u003cp\u003e\u003cspan style=\"font-weight: 400;\"\u003eTocopheryl Acetate\u003c/span\u003e\u003c/p\u003e\r\n\u003c/td\u003e\r\n\u003ctd\u003e\r\n\u003cp\u003e\u003cspan style=\"font-weight: 400;\"\u003eNatural\u003c/span\u003e\u003c/p\u003e\r\n\u003c/td\u003e\r\n\u003ctd\u003e\r\n\u003cp\u003e\u003cspan style=\"font-weight: 400;\"\u003ePlant-based\u003c/span\u003e\u003c/p\u003e\r\n\u003c/td\u003e\r\n\u003ctd\u003e\r\n\u003cp\u003e\u003cspan style=\"font-weight: 400;\"\u003eAnti-oxidant\u003c/span\u003e\u003c/p\u003e\r\n\u003c/td\u003e\r\n\u003c/tr\u003e\r\n\u003ctr\u003e\r\n\u003ctd\u003e\r\n\u003cp\u003e\u003cspan style=\"font-weight: 400;\"\u003eLinoleamidopropyl PG-Dimonium Chloride Phosphate\u003c/span\u003e\u003c/p\u003e\r\n\u003c/td\u003e\r\n\u003ctd\u003e\r\n\u003cp\u003e\u003cspan style=\"font-weight: 400;\"\u003eNatural\u003c/span\u003e\u003c/p\u003e\r\n\u003c/td\u003e\r\n\u003ctd\u003e\r\n\u003cp\u003e\u003cspan style=\"font-weight: 400;\"\u003ePlant-based\u003c/span\u003e\u003c/p\u003e\r\n\u003c/td\u003e\r\n\u003ctd\u003e\r\n\u003cp\u003e\u003cspan style=\"font-weight: 400;\"\u003eConditioning Agent\u003c/span\u003e\u003c/p\u003e\r\n\u003c/td\u003e\r\n\u003c/tr\u003e\r\n\u003ctr\u003e\r\n\u003ctd\u003e\r\n\u003cp\u003e\u003cspan style=\"font-weight: 400;\"\u003eIFRA Certified Fragrance\u003c/span\u003e\u003c/p\u003e\r\n\u003c/td\u003e\r\n\u003ctd\u003e\r\n\u003cp\u003e\u003cspan style=\"font-weight: 400;\"\u003eSynthetic \u003c/span\u003e\u003c/p\u003e\r\n\u003c/td\u003e\r\n\u003ctd\u003e\r\n\u003cp\u003e\u003cspan style=\"font-weight: 400;\"\u003eLab-derived\u003c/span\u003e\u003c/p\u003e\r\n\u003c/td\u003e\r\n\u003ctd\u003e\r\n\u003cp\u003e\u003cspan style=\"font-weight: 400;\"\u003eFragrance\u003c/span\u003e\u003c/p\u003e\r\n\u003c/td\u003e\r\n\u003c/tr\u003e\r\n\u003ctr\u003e\r\n\u003ctd\u003e\r\n\u003cp\u003e\u003cspan style=\"font-weight: 400;\"\u003eSodium Gluconate\u003c/span\u003e\u003c/p\u003e\r\n\u003c/td\u003e\r\n\u003ctd\u003e\r\n\u003cp\u003e\u003cspan style=\"font-weight: 400;\"\u003eNatural\u003c/span\u003e\u003c/p\u003e\r\n\u003c/td\u003e\r\n\u003ctd\u003e\r\n\u003cp\u003e\u003cspan style=\"font-weight: 400;\"\u003ePlant-based\u003c/span\u003e\u003c/p\u003e\r\n\u003c/td\u003e\r\n\u003ctd\u003e\r\n\u003cp\u003e\u003cspan style=\"font-weight: 400;\"\u003eStabilizer\u003c/span\u003e\u003c/p\u003e\r\n\u003c/td\u003e\r\n\u003c/tr\u003e\r\n\u003c/tbody\u003e\r\n\u003c/table\u003e"},{"attribute_code":"attribute_value_7","value":"\u003cdiv id=\"faqs\"\u003e\r\n\u003cp\u003eWhere Can I Use This Moisturizer?\u003c/p\u003e\r\n\u003cp\u003eMamaearth Vitamin C Daily Glow Light Gel Moisturizer can be used on your face and all over the body.\u003c/p\u003e\r\n\u003cp\u003eWhat Are the Benefits of Mamaearth Vitamin C Daily Glow Light Gel Moisturizer?\u003c/p\u003e\r\n\u003cp\u003eThe Mamaearth Vitamin C Daily Glow Light Gel Moisturizer deeply hydrates for up to 48 hours while brightening and even toning your skin, giving you a natural glow. Its lightweight, cooling \u0026 non-sticky formula absorbs quickly, leaving the skin soft, radiant and refreshed.\u003c/p\u003e\r\n\u003cp\u003eCan This Cream Be Used In Summers?\u003c/p\u003e\r\n\u003cp\u003eYes, this gel moisturizer can be used in summers too. Mamaearth Vitamin C Daily Glow Light Gel Moisturizer has a cooling effect on skin \u0026 is deeply hydrating. Its lightweight, oil-free \u0026 non-sticky formula makes it perfect for a summer day.\u003c/p\u003e\r\n\u003cp\u003eCan I Use Mamaearth Vitamin C Daily Glow Light Gel Moisturizer Everyday?\u003c/p\u003e\r\n\u003cp\u003eYes, Mamaearth Vitamin C Daily Glow Light Gel Moisturizer can be used everyday. We recommend using it twice for soft, fresh \u0026 moisturized skin.\u003c/p\u003e\r\n\u003c/div\u003e"},{"attribute_code":"short_description","value":"\u003cp\u003eAttention, shoppers! A refreshing burst of hydration awaits you at the skincare aisle! Meet the brand new Vitamin C Daily Glow Light Gel Moisturizer. Clinically proven to give you 48* hours of long-lasting hydration, it visibly brightens your complexion \u0026amp; gives you a natural glow. No harmful chemicals, just pure nourishment! Your Vitamin C Daily Glow Light Gel Moisturizer is Made Safe Approved and free from SLS/SLES, Parabens, Mineral Oils, Silicones \u0026amp; artificial colors—because your skin deserves the best!\u003c/p\u003e\r\n\u003cp\u003eCurious to know what’s in the ingredient basket?\u003c/p\u003e\r\n\u003cul\u003e\r\n\u003cli\u003eVitamin C –The ultimate brightener! This antioxidant fights pigmentation \u0026amp; dullness.\u003c/li\u003e\r\n\u003cli\u003eTurmeric – Your glow booster! It revives your natural radiance.\u003c/li\u003e\r\n\u003cli\u003eNiacinamide – Adios, unevenness! Niacinamide evens out your skin tone.\u003c/li\u003e\r\n\u003cli\u003eGlycerin – Thirst quencher! Locks in moisture for soft, dewy, happy skin.\u003c/li\u003e\r\n\u003c/ul\u003e\r\n\u003cp\u003eBe it summer’s heat, winter’s chill or monsoon’s humidity - bring it on! This moisturizer keeps your skin firm, healthy \u0026amp; luminous throughout the year. All thanks to its instantly cooling, oil-free, lightweight formula that your skin drinks right up! Sticky residue? Never heard of that! Add it to your shopping list, cause hydration never goes out of season!\u003c/p\u003e\r\n\u003cp\u003e*Based on clinical study done v/s untreated skin by an Independent Research Organization in 2025.\u003c/p\u003e"},{"attribute_code":"special_price","value":null},{"attribute_code":"special_from_date","value":"2025-03-20 00:00:00"}],"hide_in_front":0,"image":"/1/_/1_114.jpg","imageAltTags":[],"is_in_stock":true,"name":"Vitamin C Daily Glow Light Gel Moisturizer with Vitamin C \u0026 Turmeric for Skin Brightening - 200 g","position":"2","price":"499.00","product_card_tags":"Long-lasting, Non-sticky Hydration | Free from Harmful Chemicals | Brightens Skin | Oil-free, Lightweight \u0026 Quick-absorbing","review_count":1,"sku":"8904417319880","special_price":"","special_price_from_date":{"date":"2025-03-20 05:30:00","timezone_type":3,"timezone":"Asia/Kolkata"},"tags":"New Launch","url_key":"vitamin-c-daily-glow-light-gel-moisturizer-with-vitamin-c-turmeric-for-skin-brightening-200-g","product_subtitle_keys":["Buy 1 Get 1 FREE"," Moisturizer"," Vitamin C"],"configurable_option":{"attribute_id":346,"option_id":519,"attribute_label":"Light_Gel_Moisturizer","title":"Vitamin C","swatch_data":{"swatch_id":764,"option_id":519,"store_id":1,"type":0,"value":"Vitamin C"}},"siblings":[{"id":1566,"sku":"8904417319910","name":" Rice Dewy Bright Light Gel Moisturizer with Rice \u0026 Niacinamide For Glass-skin Glow - 200 g","url_key":"rice-dewy-bright-light-gel-moisturizer-with-rice-niacinamide-for-glass-skin-glow-200-g","price":"499.00","is_in_stock":true,"custom_attributes":[{"attribute_code":"saving_scheme","value":"price_per_100_gm"},{"attribute_code":"volume","value":"200"}],"special_price":"","parent_id":1594,"attribute_id":346,"option_id":520,"parent_sku":"9999876512345","attribute_label":"Light_Gel_Moisturizer","title":"Rice","swatch_data":{"swatch_id":766,"option_id":520,"store_id":1,"type":0,"value":"Rice"},"special_from_date":{"date":"2025-03-20 05:30:00","timezone_type":3,"timezone":"Asia/Kolkata"}},{"id":1565,"sku":"8904417319873","name":"Beetroot Hydraful Light Gel Moisturizer with Beetroot \u0026 Hyaluronic Acid for Hydrated Pink Glow - 200 g","url_key":"beetroot-hydraful-light-gel-moisturizer-with-beetroot-hyaluronic-acid-for-hydrated-pink-glow-200-g","price":"499.00","is_in_stock":true,"custom_attributes":[{"attribute_code":"saving_scheme","value":"price_per_100_gm"},{"attribute_code":"volume","value":"200"}],"special_price":"","parent_id":1594,"attribute_id":346,"option_id":521,"parent_sku":"9999876512345","attribute_label":"Light_Gel_Moisturizer","title":"Beetroot","swatch_data":{"swatch_id":768,"option_id":521,"store_id":1,"type":0,"value":"Beetroot"},"special_from_date":{"date":"2025-03-20 05:30:00","timezone_type":3,"timezone":"Asia/Kolkata"}},{"id":1558,"sku":"8904417319927","name":"Aloe Refresh Hydrating Light Gel Moisturizer with Aloe Vera \u0026 Hyaluronic Acid for Hydrated Refreshed Skin - 200 g","url_key":"aloe-refresh-hydrating-light-gel-moisturizer-with-aloe-vera-hyaluronic-acid-for-hydrated-refreshed-skin-200-g","price":"499.00","is_in_stock":true,"custom_attributes":[{"attribute_code":"saving_scheme","value":"price_per_100_gm"},{"attribute_code":"volume","value":"200"}],"special_price":"","parent_id":1594,"attribute_id":346,"option_id":522,"parent_sku":"9999876512345","attribute_label":"Light_Gel_Moisturizer","title":"Aloe Vera","swatch_data":{"swatch_id":770,"option_id":522,"store_id":1,"type":0,"value":"Aloe Vera"},"special_from_date":{"date":"2025-03-20 05:30:00","timezone_type":3,"timezone":"Asia/Kolkata"}}],"size":"200g","unitPrice":"2.50/g","old_productid":"1566","generic_name":null},{"id":1543,"tier_prices":[],"avg_rating_percent":96,"categories":[2,5,45,157,342,444,97,380,386],"created_at":"2025-01-27 10:43:07","custom_attributes":[{"attribute_code":"manufacturer","value":"Kapco International Limited Kapco International Limited, Plot no 10-11, Sector 3, Parwanoo, Himachal Pradesh, India – 173220. , VA Lifesciences LLP VA Lifesciences LLP, plot No. 9D, Sector – 2, Parwanoo, Himachal Pradesh, India – 173220. "},{"attribute_code":"meta_title","value":"Buy 1 Get 1 Free on Mamaearth Chia Oil Free Moisturizer - 80g"},{"attribute_code":"meta_description","value":"Buy 1 Get 1 Free Mamaearth Chia Oil Free Moisturizer with Chia Seed \u0026 Ceramides for Healthy Skin Barrier. Hurry up! Shop Now"},{"attribute_code":"image","value":"/1/_/1_130.jpg"},{"attribute_code":"small_image","value":"/1/_/1_130.jpg"},{"attribute_code":"thumbnail","value":"/1/_/1_130.jpg"},{"attribute_code":"options_container","value":"container2"},{"attribute_code":"country_of_manufacture","value":"IN"},{"attribute_code":"url_key","value":"mamaearth-chia-oil-free-moisturizer-with-chia-seed-ceramides-for-healthy-skin-barrier-80g"},{"attribute_code":"msrp_display_actual_price_type","value":"0"},{"attribute_code":"gift_message_available","value":"2"},{"attribute_code":"swatch_image","value":"/1/_/1_130.jpg"},{"attribute_code":"attribute_label_1","value":"About Mamaearth Chia Oil-Free Moisturizer"},{"attribute_code":"attribute_label_2","value":"Key Ingredients"},{"attribute_code":"attribute_label_3","value":"How to Use"},{"attribute_code":"attribute_label_4","value":"Who can Use"},{"attribute_code":"attribute_label_5","value":"Why Mamaearth"},{"attribute_code":"attribute_label_6","value":"Ingredient List"},{"attribute_code":"attribute_label_7","value":"FAQS"},{"attribute_code":"best_before","value":"24 Months"},{"attribute_code":"dimensions","value":"10 * 5 * 5 cm"},{"attribute_code":"ean_code","value":"8904417319118"},{"attribute_code":"mrp","value":"399"},{"attribute_code":"old_productid","value":"1542"},{"attribute_code":"tags","value":"new launch"},{"attribute_code":"marketed_by","value":"Honasa Consumer Limited, 10th and 11th Floor, Capital Cyberscape, Sector 59, Gurugram, Haryana, 122101"},{"attribute_code":"live_url","value":"https://mamaearth.in/product/mamaearth-chia-oil-free-moisturizer-with-chia-seed-ceramides-for-healthy-skin-barrier-80g"},{"attribute_code":"length","value":"10"},{"attribute_code":"google_category","value":"2915"},{"attribute_code":"cms_sequence","value":"1,2,3,4,5,6,7,8"},{"attribute_code":"width","value":"5"},{"attribute_code":"height","value":"5"},{"attribute_code":"breadcrumb_category","value":"157","title":"Face Moisturizer in India","url_key":"face-moisturizer"},{"attribute_code":"brand","value":"4"},{"attribute_code":"product_card_tags","value":"24*Hrs Long Lasting Moisturization | Oil-Free Formula for Normal to Oily Skin | Healthy Skin Barrier | Co-created with Top Dermats"},{"attribute_code":"saving_scheme","value":"price_per_100_gm"},{"attribute_code":"product_subtitle_keys","value":"Buy 1 Get 1 FREE, Hydrated Glow, Moisturizer, Chia Oil-Free, 80g"},{"attribute_code":"is_suitable_for_skin_type","value":"466","label":"oily"},{"attribute_code":"tax_class_id","value":"2"},{"attribute_code":"create_scarcity","value":"0"},{"attribute_code":"hide_product_infront","value":"0"},{"attribute_code":"show_in_feed","value":"1"},{"attribute_code":"base_sub_category","value":"62"},{"attribute_code":"show_price_per_unit","value":"0"},{"attribute_code":"volume","value":"80"},{"attribute_code":"enable_fbt_popup","value":"0"},{"attribute_code":"enable_product_for_wa_commerce","value":"0"},{"attribute_code":"strikethrough","value":"1"},{"attribute_code":"chia_moisturizer","value":"505"},{"attribute_code":"meta_keyword","value":"Mamaearth Chia Oil-Free Moisturizer with Chia Seed \u0026 Ceramides for Healthy Skin Barrier - 80g"},{"attribute_code":"attribute_value_1","value":"\u003cdiv class=\"list-banner\"\u003e\u003cimg src=\"https://images.mamaearth.in/wysiwyg/All-Aplus/Chia-Range/Oilfree/Chia-Oil-Free-Moisturizer-aplus.jpg\" alt=\"Chia Oil-Free Moisturizer\" width=\"973\" height=\"3100\" /\u003e\r\n\u003cp style=\"text-align: center;\"\u003eChia Oil-Free Moisturizer\u003c/p\u003e\r\n\u003c/div\u003e"},{"attribute_code":"attribute_value_2","value":"\u003cdiv\u003e\r\n\u003cul class=\"woodmart-list\"\u003e\r\n\u003cli\u003e\r\n\u003cdiv class=\"list-icon\"\u003e\u003cimg src=\"https://images.mamaearth.in/wysiwyg/ing-list/ChiaSeed.jpg\" alt=\"Multani Mitti\" /\u003e\u003c/div\u003e\r\n\u003cspan class=\"list-content\" style=\"text-align: justify;\"\u003e\u003cstrong\u003eChia Seed: \u003c/strong\u003eHydrates \u0026amp; moisturizes skin.\u003c/span\u003e\u003c/li\u003e\r\n\u003cli\u003e\r\n\u003cdiv class=\"list-icon\"\u003e\u003cimg src=\"https://images.mamaearth.in/wysiwyg/ing-list/cerm.png\" alt=\"Bulgarian Rose\" /\u003e\u003c/div\u003e\r\n\u003cspan class=\"list-content\" style=\"text-align: justify;\"\u003e\u003cstrong\u003eCeramides:\u003c/strong\u003eRepair \u0026amp; strengthen skin barrier.\u003c/span\u003e\u003c/li\u003e\r\n\u003cli\u003e\r\n\u003cdiv class=\"list-icon\"\u003e\u003cimg src=\"https://images.mamaearth.in/wysiwyg/ing-list/glycerin.jpg\" alt=\"Niacinamide\" /\u003e\u003c/div\u003e\r\n\u003cspan class=\"list-content\" style=\"text-align: justify;\"\u003e\u003cstrong\u003eNiacinamide:\u003c/strong\u003eEvens out skin tone.\u003c/span\u003e\u003c/li\u003e\r\n\u003cli\u003e\r\n\u003cdiv class=\"list-icon\"\u003e\u003cimg src=\"https://images.mamaearth.in/wysiwyg/ing-list/Aqua-Gf-New.jpg\" alt=\"Aqua-GF™\" /\u003e\u003c/div\u003e\r\n\u003cspan class=\"list-content\" style=\"text-align: justify;\"\u003e\u003cstrong\u003eAqua-GF™:\u003c/strong\u003eGives long-lasting hydration.\u003c/span\u003e\u003c/li\u003e\r\n\u003c/ul\u003e\r\n\u003c/div\u003e"},{"attribute_code":"short_description","value":"\u003cp\u003e\u003cspan style=\"font-weight: 400;\"\u003eYour skin barrier is your first line of defense against pollution, harsh weather, \u0026amp; moisture loss. However, without proper care, this barrier weakens, allowing dryness, irritation \u0026amp; breakouts to creep in. But don’t worry, we’ve got your back (or rather, your face)!\u003c/span\u003e\u003c/p\u003e\r\n\u003cp\u003eMeet our Chia Oil-Free Moisturizer, aka, your daily dose of hydrated glow! Co-created with top dermatologists, this fragrance-free gel-crème formula is lightweight to suit normal to oily \u0026amp; acne prone skin types! It repairs \u0026amp; strengthens your skin barrier while delivering 24 hours of long-lasting hydration, minus the oily mess!\u003c/p\u003e\r\n\u003cp\u003eEnriched with Chia Seeds, Ceramides, Niacinamide, \u0026amp; Aqua-GF™, your skin’s dream team unites in this powerful blend! Chia Seeds combat dryness \u0026amp; lock in moisture, while Ceramides act as bodyguards for your skin, fortifying its barrier \u0026amp; preventing moisture loss. Niacinamide steps in to even out skin tone \u0026amp; brighten dark spots. And let’s not forget Aqua-GF™, the hydration hero that replenishes moisture, keeping your skin plump, smooth, \u0026amp; radiant all day long!\u003c/p\u003e\r\n\u003cp\u003ePlus, it’s Made Safe Approved \u0026amp; has no SLS/SLES, parabens, mineral oils, silicones, \u0026amp; artificial colors. So, go on, give your skin barrier the protection it deserves!\u003c/p\u003e\r\n\u003cp\u003e*Based on clinical studies of the ingredient Aqua-GF™ present in the product.\u003c/p\u003e"},{"attribute_code":"attribute_value_3","value":"\u003cul\u003e\r\n\u003cli\u003e\u003cspan class=\"list-content\"\u003e\u003cstrong\u003eStep 1 : \u003c/strong\u003eTake an adequate amount.\u003c/span\u003e\u003c/li\u003e\r\n\u003cli\u003e\u003cspan class=\"list-content\"\u003e\u003cstrong\u003eStep 2 : \u003c/strong\u003eApply evenly to your face and neck.\u003c/span\u003e\u003c/li\u003e\r\n\u003cli\u003e\u003cspan class=\"list-content\"\u003e\u003cstrong\u003eStep 3 : \u003c/strong\u003eMassage thoroughly\u003c/span\u003e\u003c/li\u003e\r\n\u003c/ul\u003e"},{"attribute_code":"attribute_value_4","value":"\u003cul style=\"list-style: disc; padding-left: 1em;\"\u003e\r\n\u003cli\u003e\u003cspan class=\"list-content\"\u003eAnyone who’s 18 years \u0026amp; above \u003c/span\u003e\u003c/li\u003e\r\n\u003cli\u003e\u003cspan class=\"list-content\"\u003eSuitable for all skin types \u003c/span\u003e\u003c/li\u003e\r\n\u003c/ul\u003e"},{"attribute_code":"attribute_value_5","value":"\u003cul class=\"compare-list\"\u003e\r\n\u003cli\u003e\r\n\u003cdiv class=\"compare-content\"\u003e\r\n\u003cul\u003e\r\n\u003cli style=\"font-weight: 400;\" aria-level=\"1\"\u003e\u003cspan style=\"font-weight: 400;\"\u003eStrengthens skin barrier\u003c/span\u003e\u003c/li\u003e\r\n\u003cli style=\"font-weight: 400;\" aria-level=\"1\"\u003e\u003cspan style=\"font-weight: 400;\"\u003eDeeply hydrates\u003c/span\u003e\u003c/li\u003e\r\n\u003cli style=\"font-weight: 400;\" aria-level=\"1\"\u003e\u003cspan style=\"font-weight: 400;\"\u003eOil-free\u003c/span\u003e\u003c/li\u003e\r\n\u003cli style=\"font-weight: 400;\" aria-level=\"1\"\u003e\u003cspan style=\"font-weight: 400;\"\u003eQuick absorbing\u003c/span\u003e\u003c/li\u003e\r\n\u003cli style=\"font-weight: 400;\" aria-level=\"1\"\u003e\u003cspan style=\"font-weight: 400;\"\u003eFragrance-free\u003c/span\u003e\u003c/li\u003e\r\n\u003cli style=\"font-weight: 400;\" aria-level=\"1\"\u003e\u003cspan style=\"font-weight: 400;\"\u003eNon-comedogenic\u003c/span\u003e\u003c/li\u003e\r\n\u003cli style=\"font-weight: 400;\" aria-level=\"1\"\u003e\u003cspan style=\"font-weight: 400;\"\u003eMakes skin feel healthy \u0026amp; nourished\u003c/span\u003e\u003c/li\u003e\r\n\u003cli style=\"font-weight: 400;\" aria-level=\"1\"\u003e\u003cspan style=\"font-weight: 400;\"\u003eFree of toxins\u003c/span\u003e\u003c/li\u003e\r\n\u003cli style=\"font-weight: 400;\" aria-level=\"1\"\u003e\u003cspan style=\"font-weight: 400;\"\u003eMade Safe approved\u003c/span\u003e\u003c/li\u003e\r\n\u003c/ul\u003e\r\n\u003c/div\u003e\r\n\u003c/li\u003e\r\n\u003cli\u003e\r\n\u003cdiv class=\"compare-content\"\u003e\r\n\u003cul\u003e\r\n\u003cli style=\"font-weight: 400;\" aria-level=\"1\"\u003e\u003cspan style=\"font-weight: 400;\"\u003eDoesn’t strengthen skin barrier\u003c/span\u003e\u003c/li\u003e\r\n\u003cli style=\"font-weight: 400;\" aria-level=\"1\"\u003e\u003cspan style=\"font-weight: 400;\"\u003eNot hydrating enough\u003c/span\u003e\u003c/li\u003e\r\n\u003cli style=\"font-weight: 400;\" aria-level=\"1\"\u003e\u003cspan style=\"font-weight: 400;\"\u003eContains oil\u003c/span\u003e\u003c/li\u003e\r\n\u003cli style=\"font-weight: 400;\" aria-level=\"1\"\u003e\u003cspan style=\"font-weight: 400;\"\u003eDoesn’t absorb quickly\u003c/span\u003e\u003c/li\u003e\r\n\u003cli style=\"font-weight: 400;\" aria-level=\"1\"\u003e\u003cspan style=\"font-weight: 400;\"\u003eContains fragrance\u003c/span\u003e\u003c/li\u003e\r\n\u003cli style=\"font-weight: 400;\" aria-level=\"1\"\u003e\u003cspan style=\"font-weight: 400;\"\u003eComedogenic\u003c/span\u003e\u003c/li\u003e\r\n\u003cli style=\"font-weight: 400;\" aria-level=\"1\"\u003e\u003cspan style=\"font-weight: 400;\"\u003eMakes skin feel heavy \u0026amp; greasy\u003c/span\u003e\u003c/li\u003e\r\n\u003cli style=\"font-weight: 400;\" aria-level=\"1\"\u003e\u003cspan style=\"font-weight: 400;\"\u003e Contains Toxins\u003c/span\u003e\u003c/li\u003e\r\n\u003cli style=\"font-weight: 400;\" aria-level=\"1\"\u003e\u003cspan style=\"font-weight: 400;\"\u003eNot made safe approved\u003c/span\u003e\u003c/li\u003e\r\n\u003c/ul\u003e\r\n\u003c/div\u003e\r\n\u003c/li\u003e\r\n\u003c/ul\u003e"},{"attribute_code":"attribute_value_6","value":"\u003ctable\u003e\r\n\u003ctbody\u003e\r\n\u003ctr\u003e\r\n\u003ctd\u003e\r\n\u003cp\u003e\u003cstrong\u003eIngredient\u003c/strong\u003e\u003c/p\u003e\r\n\u003c/td\u003e\r\n\u003ctd\u003e\r\n\u003cp\u003e\u003cstrong\u003eType\u003c/strong\u003e\u003c/p\u003e\r\n\u003c/td\u003e\r\n\u003ctd\u003e\r\n\u003cp\u003e\u003cstrong\u003eWhere’s It From\u003c/strong\u003e\u003c/p\u003e\r\n\u003c/td\u003e\r\n\u003ctd\u003e\r\n\u003cp\u003e\u003cstrong\u003eHow It Helps\u003c/strong\u003e\u003c/p\u003e\r\n\u003c/td\u003e\r\n\u003c/tr\u003e\r\n\u003ctr\u003e\r\n\u003ctd\u003e\r\n\u003cp\u003e\u003cspan style=\"font-weight: 400;\"\u003eChia Seed Water\u003c/span\u003e\u003c/p\u003e\r\n\u003c/td\u003e\r\n\u003ctd\u003e\r\n\u003cp\u003e\u003cspan style=\"font-weight: 400;\"\u003eNatural\u003c/span\u003e\u003c/p\u003e\r\n\u003c/td\u003e\r\n\u003ctd\u003e\r\n\u003cp\u003e\u003cspan style=\"font-weight: 400;\"\u003ePlant-Based\u003c/span\u003e\u003c/p\u003e\r\n\u003c/td\u003e\r\n\u003ctd\u003e\r\n\u003cp\u003e\u003cspan style=\"font-weight: 400;\"\u003eHydrating \u0026amp; Soothing\u003c/span\u003e\u003c/p\u003e\r\n\u003c/td\u003e\r\n\u003c/tr\u003e\r\n\u003ctr\u003e\r\n\u003ctd\u003e\r\n\u003cp\u003e\u003cspan style=\"font-weight: 400;\"\u003eCaprylic/Capric Triglyceride\u003c/span\u003e\u003c/p\u003e\r\n\u003c/td\u003e\r\n\u003ctd\u003e\r\n\u003cp\u003e\u003cspan style=\"font-weight: 400;\"\u003eNatural\u003c/span\u003e\u003c/p\u003e\r\n\u003c/td\u003e\r\n\u003ctd\u003e\r\n\u003cp\u003e\u003cspan style=\"font-weight: 400;\"\u003ePlant-Based\u003c/span\u003e\u003c/p\u003e\r\n\u003c/td\u003e\r\n\u003ctd\u003e\r\n\u003cp\u003e\u003cspan style=\"font-weight: 400;\"\u003eEmulsifying \u0026amp; Thickening Agent\u003c/span\u003e\u003c/p\u003e\r\n\u003c/td\u003e\r\n\u003c/tr\u003e\r\n\u003ctr\u003e\r\n\u003ctd\u003e\r\n\u003cp\u003e\u003cspan style=\"font-weight: 400;\"\u003eSalvia Hispanica (Chia) Seed Extract\u003c/span\u003e\u003c/p\u003e\r\n\u003c/td\u003e\r\n\u003ctd\u003e\r\n\u003cp\u003e\u003cspan style=\"font-weight: 400;\"\u003eSynthetic\u003c/span\u003e\u003c/p\u003e\r\n\u003c/td\u003e\r\n\u003ctd\u003e\r\n\u003cp\u003e\u003cspan style=\"font-weight: 400;\"\u003eLab Synthesized\u003c/span\u003e\u003c/p\u003e\r\n\u003c/td\u003e\r\n\u003ctd\u003e\r\n\u003cp\u003e\u003cspan style=\"font-weight: 400;\"\u003eSmoothening \u0026amp; Softening Agent\u003c/span\u003e\u003c/p\u003e\r\n\u003c/td\u003e\r\n\u003c/tr\u003e\r\n\u003ctr\u003e\r\n\u003ctd\u003e\r\n\u003cp\u003e\u003cspan style=\"font-weight: 400;\"\u003eLaminaria Digitata Extract\u003c/span\u003e\u003c/p\u003e\r\n\u003c/td\u003e\r\n\u003ctd\u003e\r\n\u003cp\u003e\u003cspan style=\"font-weight: 400;\"\u003eNatural\u003c/span\u003e\u003c/p\u003e\r\n\u003c/td\u003e\r\n\u003ctd\u003e\r\n\u003cp\u003e\u003cspan style=\"font-weight: 400;\"\u003ePlant-Based\u003c/span\u003e\u003c/p\u003e\r\n\u003c/td\u003e\r\n\u003ctd\u003e\r\n\u003cp\u003e\u003cspan style=\"font-weight: 400;\"\u003eSurfactant\u003c/span\u003e\u003c/p\u003e\r\n\u003c/td\u003e\r\n\u003c/tr\u003e\r\n\u003ctr\u003e\r\n\u003ctd\u003e\r\n\u003cp\u003e\u003cspan style=\"font-weight: 400;\"\u003eCetyl-PG Hydroxyethyl Palmitamide\u003c/span\u003e\u003c/p\u003e\r\n\u003c/td\u003e\r\n\u003ctd\u003e\r\n\u003cp\u003e\u003cspan style=\"font-weight: 400;\"\u003eSynthetic\u003c/span\u003e\u003c/p\u003e\r\n\u003c/td\u003e\r\n\u003ctd\u003e\r\n\u003cp\u003e\u003cspan style=\"font-weight: 400;\"\u003eLab Synthesized\u003c/span\u003e\u003c/p\u003e\r\n\u003c/td\u003e\r\n\u003ctd\u003e\r\n\u003cp\u003e\u003cspan style=\"font-weight: 400;\"\u003eSkin Conditioning\u003c/span\u003e\u003c/p\u003e\r\n\u003c/td\u003e\r\n\u003c/tr\u003e\r\n\u003ctr\u003e\r\n\u003ctd\u003e\r\n\u003cp\u003e\u003cspan style=\"font-weight: 400;\"\u003eCeramide EOP\u003c/span\u003e\u003c/p\u003e\r\n\u003c/td\u003e\r\n\u003ctd\u003e\r\n\u003cp\u003e\u003cspan style=\"font-weight: 400;\"\u003eNatural\u003c/span\u003e\u003c/p\u003e\r\n\u003c/td\u003e\r\n\u003ctd\u003e\r\n\u003cp\u003e\u003cspan style=\"font-weight: 400;\"\u003ePlant-Based\u003c/span\u003e\u003c/p\u003e\r\n\u003c/td\u003e\r\n\u003ctd\u003e\r\n\u003cp\u003e\u003cspan style=\"font-weight: 400;\"\u003eHelps Restore and Maintain the Skin Barrier\u003c/span\u003e\u003c/p\u003e\r\n\u003c/td\u003e\r\n\u003c/tr\u003e\r\n\u003ctr\u003e\r\n\u003ctd\u003e\r\n\u003cp\u003e\u003cspan style=\"font-weight: 400;\"\u003eCeramide NG\u003c/span\u003e\u003c/p\u003e\r\n\u003c/td\u003e\r\n\u003ctd\u003e\r\n\u003cp\u003e\u003cspan style=\"font-weight: 400;\"\u003eNatural\u003c/span\u003e\u003c/p\u003e\r\n\u003c/td\u003e\r\n\u003ctd\u003e\r\n\u003cp\u003e\u003cspan style=\"font-weight: 400;\"\u003ePlant-Based\u003c/span\u003e\u003c/p\u003e\r\n\u003c/td\u003e\r\n\u003ctd\u003e\r\n\u003cp\u003e\u003cspan style=\"font-weight: 400;\"\u003eHelps to Restore the Skin Barrier and Retain Moisture\u003c/span\u003e\u003c/p\u003e\r\n\u003c/td\u003e\r\n\u003c/tr\u003e\r\n\u003ctr\u003e\r\n\u003ctd\u003e\r\n\u003cp\u003e\u003cspan style=\"font-weight: 400;\"\u003eCeramide NP\u003c/span\u003e\u003c/p\u003e\r\n\u003c/td\u003e\r\n\u003ctd\u003e\r\n\u003cp\u003e\u003cspan style=\"font-weight: 400;\"\u003eNatural\u003c/span\u003e\u003c/p\u003e\r\n\u003c/td\u003e\r\n\u003ctd\u003e\r\n\u003cp\u003e\u003cspan style=\"font-weight: 400;\"\u003ePlant-Based\u003c/span\u003e\u003c/p\u003e\r\n\u003c/td\u003e\r\n\u003ctd\u003e\r\n\u003cp\u003e\u003cspan style=\"font-weight: 400;\"\u003eStrengthens the Skin Barrier, Moisture Retention\u003c/span\u003e\u003c/p\u003e\r\n\u003c/td\u003e\r\n\u003c/tr\u003e\r\n\u003ctr\u003e\r\n\u003ctd\u003e\r\n\u003cp\u003e\u003cspan style=\"font-weight: 400;\"\u003eCeramide AS\u003c/span\u003e\u003c/p\u003e\r\n\u003c/td\u003e\r\n\u003ctd\u003e\r\n\u003cp\u003e\u003cspan style=\"font-weight: 400;\"\u003eNatural\u003c/span\u003e\u003c/p\u003e\r\n\u003c/td\u003e\r\n\u003ctd\u003e\r\n\u003cp\u003e\u003cspan style=\"font-weight: 400;\"\u003ePlant-Based\u003c/span\u003e\u003c/p\u003e\r\n\u003c/td\u003e\r\n\u003ctd\u003e\r\n\u003cp\u003e\u003cspan style=\"font-weight: 400;\"\u003eSupports Skin’s Protective Barrier, Moisturizing\u003c/span\u003e\u003c/p\u003e\r\n\u003c/td\u003e\r\n\u003c/tr\u003e\r\n\u003ctr\u003e\r\n\u003ctd\u003e\r\n\u003cp\u003e\u003cspan style=\"font-weight: 400;\"\u003eCeramide AP\u003c/span\u003e\u003c/p\u003e\r\n\u003c/td\u003e\r\n\u003ctd\u003e\r\n\u003cp\u003e\u003cspan style=\"font-weight: 400;\"\u003eNatural\u003c/span\u003e\u003c/p\u003e\r\n\u003c/td\u003e\r\n\u003ctd\u003e\r\n\u003cp\u003e\u003cspan style=\"font-weight: 400;\"\u003ePlant-Based\u003c/span\u003e\u003c/p\u003e\r\n\u003c/td\u003e\r\n\u003ctd\u003e\r\n\u003cp\u003e\u003cspan style=\"font-weight: 400;\"\u003eEnhances Skin Hydration and Protection\u003c/span\u003e\u003c/p\u003e\r\n\u003c/td\u003e\r\n\u003c/tr\u003e\r\n\u003ctr\u003e\r\n\u003ctd\u003e\r\n\u003cp\u003e\u003cspan style=\"font-weight: 400;\"\u003eGlycerin\u003c/span\u003e\u003c/p\u003e\r\n\u003c/td\u003e\r\n\u003ctd\u003e\r\n\u003cp\u003e\u003cspan style=\"font-weight: 400;\"\u003eNatural\u003c/span\u003e\u003c/p\u003e\r\n\u003c/td\u003e\r\n\u003ctd\u003e\r\n\u003cp\u003e\u003cspan style=\"font-weight: 400;\"\u003ePlant-Based\u003c/span\u003e\u003c/p\u003e\r\n\u003c/td\u003e\r\n\u003ctd\u003e\r\n\u003cp\u003e\u003cspan style=\"font-weight: 400;\"\u003eMoisturizing Agent\u003c/span\u003e\u003c/p\u003e\r\n\u003c/td\u003e\r\n\u003c/tr\u003e\r\n\u003ctr\u003e\r\n\u003ctd\u003e\r\n\u003cp\u003e\u003cspan style=\"font-weight: 400;\"\u003eXylitol\u003c/span\u003e\u003c/p\u003e\r\n\u003c/td\u003e\r\n\u003ctd\u003e\r\n\u003cp\u003e\u003cspan style=\"font-weight: 400;\"\u003eNatural\u003c/span\u003e\u003c/p\u003e\r\n\u003c/td\u003e\r\n\u003ctd\u003e\r\n\u003cp\u003e\u003cspan style=\"font-weight: 400;\"\u003ePlant-Based\u003c/span\u003e\u003c/p\u003e\r\n\u003c/td\u003e\r\n\u003ctd\u003e\r\n\u003cp\u003e\u003cspan style=\"font-weight: 400;\"\u003eMoisturizing \u0026amp; Antibacterial Properties\u003c/span\u003e\u003c/p\u003e\r\n\u003c/td\u003e\r\n\u003c/tr\u003e\r\n\u003ctr\u003e\r\n\u003ctd\u003e\r\n\u003cp\u003e\u003cspan style=\"font-weight: 400;\"\u003eGlucose\u003c/span\u003e\u003c/p\u003e\r\n\u003c/td\u003e\r\n\u003ctd\u003e\r\n\u003cp\u003e\u003cspan style=\"font-weight: 400;\"\u003eNatural\u003c/span\u003e\u003c/p\u003e\r\n\u003c/td\u003e\r\n\u003ctd\u003e\r\n\u003cp\u003e\u003cspan style=\"font-weight: 400;\"\u003ePlant-Based\u003c/span\u003e\u003c/p\u003e\r\n\u003c/td\u003e\r\n\u003ctd\u003e\r\n\u003cp\u003e\u003cspan style=\"font-weight: 400;\"\u003eHumectant \u0026amp; Skin Conditioning Agent\u003c/span\u003e\u003c/p\u003e\r\n\u003c/td\u003e\r\n\u003c/tr\u003e\r\n\u003ctr\u003e\r\n\u003ctd\u003e\r\n\u003cp\u003e\u003cspan style=\"font-weight: 400;\"\u003eAnhydroxylitol\u003c/span\u003e\u003c/p\u003e\r\n\u003c/td\u003e\r\n\u003ctd\u003e\r\n\u003cp\u003e\u003cspan style=\"font-weight: 400;\"\u003eNatural\u003c/span\u003e\u003c/p\u003e\r\n\u003c/td\u003e\r\n\u003ctd\u003e\r\n\u003cp\u003e\u003cspan style=\"font-weight: 400;\"\u003eWheat Fermentation\u003c/span\u003e\u003c/p\u003e\r\n\u003c/td\u003e\r\n\u003ctd\u003e\r\n\u003cp\u003e\u003cspan style=\"font-weight: 400;\"\u003eHumectant\u003c/span\u003e\u003c/p\u003e\r\n\u003c/td\u003e\r\n\u003c/tr\u003e\r\n\u003ctr\u003e\r\n\u003ctd\u003e\r\n\u003cp\u003e\u003cspan style=\"font-weight: 400;\"\u003ePhoenix Dactylifera Extract\u003c/span\u003e\u003c/p\u003e\r\n\u003c/td\u003e\r\n\u003ctd\u003e\r\n\u003cp\u003e\u003cspan style=\"font-weight: 400;\"\u003eNatural\u003c/span\u003e\u003c/p\u003e\r\n\u003c/td\u003e\r\n\u003ctd\u003e\r\n\u003cp\u003e\u003cspan style=\"font-weight: 400;\"\u003ePlant-Based\u003c/span\u003e\u003c/p\u003e\r\n\u003c/td\u003e\r\n\u003ctd\u003e\r\n\u003cp\u003e\u003cspan style=\"font-weight: 400;\"\u003eAntioxidant, Hydrating \u0026amp; Skin-Nourishing\u003c/span\u003e\u003c/p\u003e\r\n\u003c/td\u003e\r\n\u003c/tr\u003e\r\n\u003ctr\u003e\r\n\u003ctd\u003e\r\n\u003cp\u003e\u003cspan style=\"font-weight: 400;\"\u003eSodium Acrylates Copolymer\u003c/span\u003e\u003c/p\u003e\r\n\u003c/td\u003e\r\n\u003ctd\u003e\r\n\u003cp\u003e\u003cspan style=\"font-weight: 400;\"\u003eSynthetic\u003c/span\u003e\u003c/p\u003e\r\n\u003c/td\u003e\r\n\u003ctd\u003e\r\n\u003cp\u003e\u003cspan style=\"font-weight: 400;\"\u003eLab Synthesized\u003c/span\u003e\u003c/p\u003e\r\n\u003c/td\u003e\r\n\u003ctd\u003e\r\n\u003cp\u003e\u003cspan style=\"font-weight: 400;\"\u003eThickening agent, stabilizes formulas, improves texture\u003c/span\u003e\u003c/p\u003e\r\n\u003c/td\u003e\r\n\u003c/tr\u003e\r\n\u003ctr\u003e\r\n\u003ctd\u003e\r\n\u003cp\u003e\u003cspan style=\"font-weight: 400;\"\u003eLecithin\u003c/span\u003e\u003c/p\u003e\r\n\u003c/td\u003e\r\n\u003ctd\u003e\r\n\u003cp\u003e\u003cspan style=\"font-weight: 400;\"\u003eNatural\u003c/span\u003e\u003c/p\u003e\r\n\u003c/td\u003e\r\n\u003ctd\u003e\r\n\u003cp\u003e\u003cspan style=\"font-weight: 400;\"\u003ePlant-Based\u003c/span\u003e\u003c/p\u003e\r\n\u003c/td\u003e\r\n\u003ctd\u003e\r\n\u003cp\u003e\u003cspan style=\"font-weight: 400;\"\u003eHelps retain moisture, improves skin hydration\u003c/span\u003e\u003c/p\u003e\r\n\u003c/td\u003e\r\n\u003c/tr\u003e\r\n\u003ctr\u003e\r\n\u003ctd\u003e\r\n\u003cp\u003e\u003cspan style=\"font-weight: 400;\"\u003ePropylene Glycol\u003c/span\u003e\u003c/p\u003e\r\n\u003c/td\u003e\r\n\u003ctd\u003e\r\n\u003cp\u003e\u003cspan style=\"font-weight: 400;\"\u003eSynthetic\u003c/span\u003e\u003c/p\u003e\r\n\u003c/td\u003e\r\n\u003ctd\u003e\r\n\u003cp\u003e\u003cspan style=\"font-weight: 400;\"\u003ePetroleum-derived\u003c/span\u003e\u003c/p\u003e\r\n\u003c/td\u003e\r\n\u003ctd\u003e\r\n\u003cp\u003e\u003cspan style=\"font-weight: 400;\"\u003eHumectant \u003c/span\u003e\u003c/p\u003e\r\n\u003c/td\u003e\r\n\u003c/tr\u003e\r\n\u003ctr\u003e\r\n\u003ctd\u003e\r\n\u003cp\u003e\u003cspan style=\"font-weight: 400;\"\u003eGlyceryl Stearate\u003c/span\u003e\u003c/p\u003e\r\n\u003c/td\u003e\r\n\u003ctd\u003e\r\n\u003cp\u003e\u003cspan style=\"font-weight: 400;\"\u003eNatural\u003c/span\u003e\u003c/p\u003e\r\n\u003c/td\u003e\r\n\u003ctd\u003e\r\n\u003cp\u003e\u003cspan style=\"font-weight: 400;\"\u003ePlant-Based\u003c/span\u003e\u003c/p\u003e\r\n\u003c/td\u003e\r\n\u003ctd\u003e\r\n\u003cp\u003e\u003cspan style=\"font-weight: 400;\"\u003eEmulsifier \u003c/span\u003e\u003c/p\u003e\r\n\u003c/td\u003e\r\n\u003c/tr\u003e\r\n\u003ctr\u003e\r\n\u003ctd\u003e\r\n\u003cp\u003e\u003cspan style=\"font-weight: 400;\"\u003ePhenoxyethanol\u003c/span\u003e\u003c/p\u003e\r\n\u003c/td\u003e\r\n\u003ctd\u003e\r\n\u003cp\u003e\u003cspan style=\"font-weight: 400;\"\u003eNatural\u003c/span\u003e\u003c/p\u003e\r\n\u003c/td\u003e\r\n\u003ctd\u003e\r\n\u003cp\u003e\u003cspan style=\"font-weight: 400;\"\u003ePlant-Based\u003c/span\u003e\u003c/p\u003e\r\n\u003c/td\u003e\r\n\u003ctd\u003e\r\n\u003cp\u003e\u003cspan style=\"font-weight: 400;\"\u003ePreservative\u003c/span\u003e\u003c/p\u003e\r\n\u003c/td\u003e\r\n\u003c/tr\u003e\r\n\u003ctr\u003e\r\n\u003ctd\u003e\r\n\u003cp\u003e\u003cspan style=\"font-weight: 400;\"\u003eEthylhexylglycerin\u003c/span\u003e\u003c/p\u003e\r\n\u003c/td\u003e\r\n\u003ctd\u003e\r\n\u003cp\u003e\u003cspan style=\"font-weight: 400;\"\u003eNatural\u003c/span\u003e\u003c/p\u003e\r\n\u003c/td\u003e\r\n\u003ctd\u003e\r\n\u003cp\u003e\u003cspan style=\"font-weight: 400;\"\u003ePlant-Based\u003c/span\u003e\u003c/p\u003e\r\n\u003c/td\u003e\r\n\u003ctd\u003e\r\n\u003cp\u003e\u003cspan style=\"font-weight: 400;\"\u003eHumectant\u003c/span\u003e\u003c/p\u003e\r\n\u003c/td\u003e\r\n\u003c/tr\u003e\r\n\u003ctr\u003e\r\n\u003ctd\u003e\r\n\u003cp\u003e\u003cspan style=\"font-weight: 400;\"\u003eCetearyl Olivate\u003c/span\u003e\u003c/p\u003e\r\n\u003c/td\u003e\r\n\u003ctd\u003e\r\n\u003cp\u003e\u003cspan style=\"font-weight: 400;\"\u003eNatural\u003c/span\u003e\u003c/p\u003e\r\n\u003c/td\u003e\r\n\u003ctd\u003e\r\n\u003cp\u003e\u003cspan style=\"font-weight: 400;\"\u003ePlant-Based\u003c/span\u003e\u003c/p\u003e\r\n\u003c/td\u003e\r\n\u003ctd\u003e\r\n\u003cp\u003e\u003cspan style=\"font-weight: 400;\"\u003eEmulsifier \u003c/span\u003e\u003c/p\u003e\r\n\u003c/td\u003e\r\n\u003c/tr\u003e\r\n\u003ctr\u003e\r\n\u003ctd\u003e\r\n\u003cp\u003e\u003cspan style=\"font-weight: 400;\"\u003eSorbitan Olivate\u003c/span\u003e\u003c/p\u003e\r\n\u003c/td\u003e\r\n\u003ctd\u003e\r\n\u003cp\u003e\u003cspan style=\"font-weight: 400;\"\u003eNatural\u003c/span\u003e\u003c/p\u003e\r\n\u003c/td\u003e\r\n\u003ctd\u003e\r\n\u003cp\u003e\u003cspan style=\"font-weight: 400;\"\u003ePlant-Based\u003c/span\u003e\u003c/p\u003e\r\n\u003c/td\u003e\r\n\u003ctd\u003e\r\n\u003cp\u003e\u003cspan style=\"font-weight: 400;\"\u003eEmulsifier \u003c/span\u003e\u003c/p\u003e\r\n\u003c/td\u003e\r\n\u003c/tr\u003e\r\n\u003ctr\u003e\r\n\u003ctd\u003e\r\n\u003cp\u003e\u003cspan style=\"font-weight: 400;\"\u003eSodium Benzoate\u003c/span\u003e\u003c/p\u003e\r\n\u003c/td\u003e\r\n\u003ctd\u003e\r\n\u003cp\u003e\u003cspan style=\"font-weight: 400;\"\u003eSynthetic\u003c/span\u003e\u003c/p\u003e\r\n\u003c/td\u003e\r\n\u003ctd\u003e\r\n\u003cp\u003e\u003cspan style=\"font-weight: 400;\"\u003eLab Synthesized\u003c/span\u003e\u003c/p\u003e\r\n\u003c/td\u003e\r\n\u003ctd\u003e\r\n\u003cp\u003e\u003cspan style=\"font-weight: 400;\"\u003ePreservative \u003c/span\u003e\u003c/p\u003e\r\n\u003c/td\u003e\r\n\u003c/tr\u003e\r\n\u003ctr\u003e\r\n\u003ctd\u003e\r\n\u003cp\u003e\u003cspan style=\"font-weight: 400;\"\u003eXylitylglucoside\u003c/span\u003e\u003c/p\u003e\r\n\u003c/td\u003e\r\n\u003ctd\u003e\r\n\u003cp\u003e\u003cspan style=\"font-weight: 400;\"\u003eNatural\u003c/span\u003e\u003c/p\u003e\r\n\u003c/td\u003e\r\n\u003ctd\u003e\r\n\u003cp\u003e\u003cspan style=\"font-weight: 400;\"\u003ePlant-Based\u003c/span\u003e\u003c/p\u003e\r\n\u003c/td\u003e\r\n\u003ctd\u003e\r\n\u003cp\u003e\u003cspan style=\"font-weight: 400;\"\u003eHumectant \u003c/span\u003e\u003c/p\u003e\r\n\u003c/td\u003e\r\n\u003c/tr\u003e\r\n\u003ctr\u003e\r\n\u003ctd\u003e\r\n\u003cp\u003e\u003cspan style=\"font-weight: 400;\"\u003eStearic Acid\u003c/span\u003e\u003c/p\u003e\r\n\u003c/td\u003e\r\n\u003ctd\u003e\r\n\u003cp\u003e\u003cspan style=\"font-weight: 400;\"\u003eNatural\u003c/span\u003e\u003c/p\u003e\r\n\u003c/td\u003e\r\n\u003ctd\u003e\r\n\u003cp\u003e\u003cspan style=\"font-weight: 400;\"\u003ePlant-Based\u003c/span\u003e\u003c/p\u003e\r\n\u003c/td\u003e\r\n\u003ctd\u003e\r\n\u003cp\u003e\u003cspan style=\"font-weight: 400;\"\u003eEmulsifier \u003c/span\u003e\u003c/p\u003e\r\n\u003c/td\u003e\r\n\u003c/tr\u003e\r\n\u003ctr\u003e\r\n\u003ctd\u003e\r\n\u003cp\u003e\u003cspan style=\"font-weight: 400;\"\u003eAcrylates/C10-30 Alkyl Acrylate Crosspolymer\u003c/span\u003e\u003c/p\u003e\r\n\u003c/td\u003e\r\n\u003ctd\u003e\r\n\u003cp\u003e\u003cspan style=\"font-weight: 400;\"\u003eSynthetic\u003c/span\u003e\u003c/p\u003e\r\n\u003c/td\u003e\r\n\u003ctd\u003e\r\n\u003cp\u003e\u003cspan style=\"font-weight: 400;\"\u003eLab Synthesized\u003c/span\u003e\u003c/p\u003e\r\n\u003c/td\u003e\r\n\u003ctd\u003e\r\n\u003cp\u003e\u003cspan style=\"font-weight: 400;\"\u003eThickener and stabilizer \u003c/span\u003e\u003c/p\u003e\r\n\u003c/td\u003e\r\n\u003c/tr\u003e\r\n\u003ctr\u003e\r\n\u003ctd\u003e\r\n\u003cp\u003e\u003cspan style=\"font-weight: 400;\"\u003eNiacinamide\u003c/span\u003e\u003c/p\u003e\r\n\u003c/td\u003e\r\n\u003ctd\u003e\r\n\u003cp\u003e\u003cspan style=\"font-weight: 400;\"\u003eNatural\u003c/span\u003e\u003c/p\u003e\r\n\u003c/td\u003e\r\n\u003ctd\u003e\r\n\u003cp\u003e\u003cspan style=\"font-weight: 400;\"\u003eVitamin B3\u003c/span\u003e\u003c/p\u003e\r\n\u003c/td\u003e\r\n\u003ctd\u003e\r\n\u003cp\u003e\u003cspan style=\"font-weight: 400;\"\u003eBrightens skin tone\u003c/span\u003e\u003c/p\u003e\r\n\u003c/td\u003e\r\n\u003c/tr\u003e\r\n\u003ctr\u003e\r\n\u003ctd\u003e\r\n\u003cp\u003e\u003cspan style=\"font-weight: 400;\"\u003ePisum Sativum (Pea) Seed Extract\u003c/span\u003e\u003c/p\u003e\r\n\u003c/td\u003e\r\n\u003ctd\u003e\r\n\u003cp\u003e\u003cspan style=\"font-weight: 400;\"\u003eNatural\u003c/span\u003e\u003c/p\u003e\r\n\u003c/td\u003e\r\n\u003ctd\u003e\r\n\u003cp\u003e\u003cspan style=\"font-weight: 400;\"\u003ePlant-Based\u003c/span\u003e\u003c/p\u003e\r\n\u003c/td\u003e\r\n\u003ctd\u003e\r\n\u003cp\u003e\u003cspan style=\"font-weight: 400;\"\u003eAntioxidant \u003c/span\u003e\u003c/p\u003e\r\n\u003c/td\u003e\r\n\u003c/tr\u003e\r\n\u003ctr\u003e\r\n\u003ctd\u003e\r\n\u003cp\u003e\u003cspan style=\"font-weight: 400;\"\u003eChenopodium Quinoa Seed Extract\u003c/span\u003e\u003c/p\u003e\r\n\u003c/td\u003e\r\n\u003ctd\u003e\r\n\u003cp\u003e\u003cspan style=\"font-weight: 400;\"\u003eNatural\u003c/span\u003e\u003c/p\u003e\r\n\u003c/td\u003e\r\n\u003ctd\u003e\r\n\u003cp\u003e\u003cspan style=\"font-weight: 400;\"\u003ePlant-Based\u003c/span\u003e\u003c/p\u003e\r\n\u003c/td\u003e\r\n\u003ctd\u003e\r\n\u003cp\u003e\u003cspan style=\"font-weight: 400;\"\u003eNourishes and protects the skin,\u003c/span\u003e\u003c/p\u003e\r\n\u003c/td\u003e\r\n\u003c/tr\u003e\r\n\u003ctr\u003e\r\n\u003ctd\u003e\r\n\u003cp\u003e\u003cspan style=\"font-weight: 400;\"\u003eXanthan Gum\u003c/span\u003e\u003c/p\u003e\r\n\u003c/td\u003e\r\n\u003ctd\u003e\r\n\u003cp\u003e\u003cspan style=\"font-weight: 400;\"\u003eNatural\u003c/span\u003e\u003c/p\u003e\r\n\u003c/td\u003e\r\n\u003ctd\u003e\r\n\u003cp\u003e\u003cspan style=\"font-weight: 400;\"\u003ePlant-Based\u003c/span\u003e\u003c/p\u003e\r\n\u003c/td\u003e\r\n\u003ctd\u003e\r\n\u003cp\u003e\u003cspan style=\"font-weight: 400;\"\u003eThickening agent and stabilizer\u003c/span\u003e\u003c/p\u003e\r\n\u003c/td\u003e\r\n\u003c/tr\u003e\r\n\u003ctr\u003e\r\n\u003ctd\u003e\r\n\u003cp\u003e\u003cspan style=\"font-weight: 400;\"\u003eCaprylyl Glycol\u003c/span\u003e\u003c/p\u003e\r\n\u003c/td\u003e\r\n\u003ctd\u003e\r\n\u003cp\u003e\u003cspan style=\"font-weight: 400;\"\u003eNatural\u003c/span\u003e\u003c/p\u003e\r\n\u003c/td\u003e\r\n\u003ctd\u003e\r\n\u003cp\u003e\u003cspan style=\"font-weight: 400;\"\u003ePlant-Based\u003c/span\u003e\u003c/p\u003e\r\n\u003c/td\u003e\r\n\u003ctd\u003e\r\n\u003cp\u003e\u003cspan style=\"font-weight: 400;\"\u003eMoisturizer and preservative \u003c/span\u003e\u003c/p\u003e\r\n\u003c/td\u003e\r\n\u003c/tr\u003e\r\n\u003ctr\u003e\r\n\u003ctd\u003e\r\n\u003cp\u003e\u003cspan style=\"font-weight: 400;\"\u003eHydrolyzed Wheat Protein\u003c/span\u003e\u003c/p\u003e\r\n\u003c/td\u003e\r\n\u003ctd\u003e\r\n\u003cp\u003e\u003cspan style=\"font-weight: 400;\"\u003eNatural\u003c/span\u003e\u003c/p\u003e\r\n\u003c/td\u003e\r\n\u003ctd\u003e\r\n\u003cp\u003e\u003cspan style=\"font-weight: 400;\"\u003ePlant-Based\u003c/span\u003e\u003c/p\u003e\r\n\u003c/td\u003e\r\n\u003ctd\u003e\r\n\u003cp\u003e\u003cspan style=\"font-weight: 400;\"\u003eStrengthens the skin’s barrier\u003c/span\u003e\u003c/p\u003e\r\n\u003c/td\u003e\r\n\u003c/tr\u003e\r\n\u003ctr\u003e\r\n\u003ctd\u003e\r\n\u003cp\u003e\u003cspan style=\"font-weight: 400;\"\u003eHydrolyzed Soy Protein\u003c/span\u003e\u003c/p\u003e\r\n\u003c/td\u003e\r\n\u003ctd\u003e\r\n\u003cp\u003e\u003cspan style=\"font-weight: 400;\"\u003eNatural\u003c/span\u003e\u003c/p\u003e\r\n\u003c/td\u003e\r\n\u003ctd\u003e\r\n\u003cp\u003e\u003cspan style=\"font-weight: 400;\"\u003ePlant-Based\u003c/span\u003e\u003c/p\u003e\r\n\u003c/td\u003e\r\n\u003ctd\u003e\r\n\u003cp\u003e\u003cspan style=\"font-weight: 400;\"\u003eImproves skin moisture \u003c/span\u003e\u003c/p\u003e\r\n\u003c/td\u003e\r\n\u003c/tr\u003e\r\n\u003ctr\u003e\r\n\u003ctd\u003e\r\n\u003cp\u003e\u003cspan style=\"font-weight: 400;\"\u003ePectin\u003c/span\u003e\u003c/p\u003e\r\n\u003c/td\u003e\r\n\u003ctd\u003e\r\n\u003cp\u003e\u003cspan style=\"font-weight: 400;\"\u003eNatural\u003c/span\u003e\u003c/p\u003e\r\n\u003c/td\u003e\r\n\u003ctd\u003e\r\n\u003cp\u003e\u003cspan style=\"font-weight: 400;\"\u003ePlant-Based\u003c/span\u003e\u003c/p\u003e\r\n\u003c/td\u003e\r\n\u003ctd\u003e\r\n\u003cp\u003e\u003cspan style=\"font-weight: 400;\"\u003eEmulsifier and thickener\u003c/span\u003e\u003c/p\u003e\r\n\u003c/td\u003e\r\n\u003c/tr\u003e\r\n\u003ctr\u003e\r\n\u003ctd\u003e\r\n\u003cp\u003e\u003cspan style=\"font-weight: 400;\"\u003eArginine\u003c/span\u003e\u003c/p\u003e\r\n\u003c/td\u003e\r\n\u003ctd\u003e\r\n\u003cp\u003e\u003cspan style=\"font-weight: 400;\"\u003eNatural\u003c/span\u003e\u003c/p\u003e\r\n\u003c/td\u003e\r\n\u003ctd\u003e\r\n\u003cp\u003e\u003cspan style=\"font-weight: 400;\"\u003eAmino Acid\u003c/span\u003e\u003c/p\u003e\r\n\u003c/td\u003e\r\n\u003ctd\u003e\r\n\u003cp\u003e\u003cspan style=\"font-weight: 400;\"\u003ePromotes skin healing\u003c/span\u003e\u003c/p\u003e\r\n\u003c/td\u003e\r\n\u003c/tr\u003e\r\n\u003ctr\u003e\r\n\u003ctd\u003e\r\n\u003cp\u003e\u003cspan style=\"font-weight: 400;\"\u003eProline\u003c/span\u003e\u003c/p\u003e\r\n\u003c/td\u003e\r\n\u003ctd\u003e\r\n\u003cp\u003e\u003cspan style=\"font-weight: 400;\"\u003eNatural\u003c/span\u003e\u003c/p\u003e\r\n\u003c/td\u003e\r\n\u003ctd\u003e\r\n\u003cp\u003e\u003cspan style=\"font-weight: 400;\"\u003eAmino Acid\u003c/span\u003e\u003c/p\u003e\r\n\u003c/td\u003e\r\n\u003ctd\u003e\r\n\u003cp\u003e\u003cspan style=\"font-weight: 400;\"\u003eStrengthens the skin’s collagen\u003c/span\u003e\u003c/p\u003e\r\n\u003c/td\u003e\r\n\u003c/tr\u003e\r\n\u003ctr\u003e\r\n\u003ctd\u003e\r\n\u003cp\u003e\u003cspan style=\"font-weight: 400;\"\u003eSerine\u003c/span\u003e\u003c/p\u003e\r\n\u003c/td\u003e\r\n\u003ctd\u003e\r\n\u003cp\u003e\u003cspan style=\"font-weight: 400;\"\u003eNatural\u003c/span\u003e\u003c/p\u003e\r\n\u003c/td\u003e\r\n\u003ctd\u003e\r\n\u003cp\u003e\u003cspan style=\"font-weight: 400;\"\u003eAmino Acid\u003c/span\u003e\u003c/p\u003e\r\n\u003c/td\u003e\r\n\u003ctd\u003e\r\n\u003cp\u003e\u003cspan style=\"font-weight: 400;\"\u003eHydrates\u003c/span\u003e\u003c/p\u003e\r\n\u003c/td\u003e\r\n\u003c/tr\u003e\r\n\u003ctr\u003e\r\n\u003ctd\u003e\r\n\u003cp\u003e\u003cspan style=\"font-weight: 400;\"\u003eButylene Glycol\u003c/span\u003e\u003c/p\u003e\r\n\u003c/td\u003e\r\n\u003ctd\u003e\r\n\u003cp\u003e\u003cspan style=\"font-weight: 400;\"\u003eSynthetic\u003c/span\u003e\u003c/p\u003e\r\n\u003c/td\u003e\r\n\u003ctd\u003e\r\n\u003cp\u003e\u003cspan style=\"font-weight: 400;\"\u003eLab Synthesized \u003c/span\u003e\u003c/p\u003e\r\n\u003c/td\u003e\r\n\u003ctd\u003e\r\n\u003cp\u003e\u003cspan style=\"font-weight: 400;\"\u003eHumectant \u003c/span\u003e\u003c/p\u003e\r\n\u003c/td\u003e\r\n\u003c/tr\u003e\r\n\u003ctr\u003e\r\n\u003ctd\u003e\r\n\u003cp\u003e\u003cspan style=\"font-weight: 400;\"\u003eChondrus Crispus Extract\u003c/span\u003e\u003c/p\u003e\r\n\u003c/td\u003e\r\n\u003ctd\u003e\r\n\u003cp\u003e\u003cspan style=\"font-weight: 400;\"\u003eNatural\u003c/span\u003e\u003c/p\u003e\r\n\u003c/td\u003e\r\n\u003ctd\u003e\r\n\u003cp\u003e\u003cspan style=\"font-weight: 400;\"\u003ePlant-Based\u003c/span\u003e\u003c/p\u003e\r\n\u003c/td\u003e\r\n\u003ctd\u003e\r\n\u003cp\u003e\u003cspan style=\"font-weight: 400;\"\u003eHydrates and nourishes the skin\u003c/span\u003e\u003c/p\u003e\r\n\u003c/td\u003e\r\n\u003c/tr\u003e\r\n\u003ctr\u003e\r\n\u003ctd\u003e\r\n\u003cp\u003e\u003cspan style=\"font-weight: 400;\"\u003eTocopherol\u003c/span\u003e\u003c/p\u003e\r\n\u003c/td\u003e\r\n\u003ctd\u003e\r\n\u003cp\u003e\u003cspan style=\"font-weight: 400;\"\u003eNatural\u003c/span\u003e\u003c/p\u003e\r\n\u003c/td\u003e\r\n\u003ctd\u003e\r\n\u003cp\u003e\u003cspan style=\"font-weight: 400;\"\u003ePlant-Based\u003c/span\u003e\u003c/p\u003e\r\n\u003c/td\u003e\r\n\u003ctd\u003e\r\n\u003cp\u003e\u003cspan style=\"font-weight: 400;\"\u003eAntioxidant\u003c/span\u003e\u003c/p\u003e\r\n\u003c/td\u003e\r\n\u003c/tr\u003e\r\n\u003ctr\u003e\r\n\u003ctd\u003e\r\n\u003cp\u003e\u003cspan style=\"font-weight: 400;\"\u003eD-Panthenol\u003c/span\u003e\u003c/p\u003e\r\n\u003c/td\u003e\r\n\u003ctd\u003e\r\n\u003cp\u003e\u003cspan style=\"font-weight: 400;\"\u003eNatural\u003c/span\u003e\u003c/p\u003e\r\n\u003c/td\u003e\r\n\u003ctd\u003e\r\n\u003cp\u003e\u003cspan style=\"font-weight: 400;\"\u003ePlant-Based\u003c/span\u003e\u003c/p\u003e\r\n\u003c/td\u003e\r\n\u003ctd\u003e\r\n\u003cp\u003e\u003cspan style=\"font-weight: 400;\"\u003eHydrates and soothes skin\u003c/span\u003e\u003c/p\u003e\r\n\u003c/td\u003e\r\n\u003c/tr\u003e\r\n\u003ctr\u003e\r\n\u003ctd\u003e\r\n\u003cp\u003e\u003cspan style=\"font-weight: 400;\"\u003eSodium Hydroxide\u003c/span\u003e\u003c/p\u003e\r\n\u003c/td\u003e\r\n\u003ctd\u003e\r\n\u003cp\u003e\u003cspan style=\"font-weight: 400;\"\u003eSynthetic\u003c/span\u003e\u003c/p\u003e\r\n\u003c/td\u003e\r\n\u003ctd\u003e\r\n\u003cp\u003e\u003cspan style=\"font-weight: 400;\"\u003eLab Synthesized\u003c/span\u003e\u003c/p\u003e\r\n\u003c/td\u003e\r\n\u003ctd\u003e\r\n\u003cp\u003e\u003cspan style=\"font-weight: 400;\"\u003epH adjuster\u003c/span\u003e\u003c/p\u003e\r\n\u003c/td\u003e\r\n\u003c/tr\u003e\r\n\u003ctr\u003e\r\n\u003ctd\u003e\r\n\u003cp\u003e\u003cspan style=\"font-weight: 400;\"\u003eSodium Gluconate\u003c/span\u003e\u003c/p\u003e\r\n\u003c/td\u003e\r\n\u003ctd\u003e\r\n\u003cp\u003e\u003cspan style=\"font-weight: 400;\"\u003eNatural\u003c/span\u003e\u003c/p\u003e\r\n\u003c/td\u003e\r\n\u003ctd\u003e\r\n\u003cp\u003e\u003cspan style=\"font-weight: 400;\"\u003eGlucose\u003c/span\u003e\u003c/p\u003e\r\n\u003c/td\u003e\r\n\u003ctd\u003e\r\n\u003cp\u003e\u003cspan style=\"font-weight: 400;\"\u003eHumectant\u003c/span\u003e\u003c/p\u003e\r\n\u003c/td\u003e\r\n\u003c/tr\u003e\r\n\u003c/tbody\u003e\r\n\u003c/table\u003e"},{"attribute_code":"attribute_value_7","value":"\u003cdiv id=\"faqs\"\u003e\r\n\u003cp\u003eHow Often Should I Use The Chia Oil-Free Moisturizer?\u003c/p\u003e\r\n\u003cp\u003eFor best results, apply the Chia Oil-Free Moisturizer twice a day—morning \u0026 night. Its lightweight, non-greasy formula keeps your skin hydrated \u0026 protected all day long.\u003c/p\u003e\r\n\u003cp\u003eWill The Chia Oil-Free Moisturizer Make My Skin Oily?\u003c/p\u003e\r\n\u003cp\u003eNo! This oil-free formula hydrates without the heaviness. It absorbs quickly, leaving your skin fresh, balanced \u0026 shine-free.\u003c/p\u003e\r\n\u003cp\u003eWhat Are The Key Benefits Of The Chia Oil-Free Moisturizer?\u003c/p\u003e\r\n\u003cp\u003eThe Chia Oil-Free Moisturizer delivers 24-hour hydration while strengthening your skin barrier. Powered by Chia Seeds, Ceramides \u0026 Niacinamide, it locks in moisture, soothes, brightens \u0026 keeps your skin healthy without clogging pores.\u003c/p\u003e\r\n\u003cp\u003eIs This Moisturizer Suitable For Sensitive Skin?\u003c/p\u003e\r\n\u003cp\u003eYes, absolutely! Dermatologist-approved \u0026 fragrance-free, it’s designed to be gentle yet effective—hydrating your skin without irritation.\u003c/p\u003e\r\n\u003c/div\u003e"},{"attribute_code":"special_from_date","value":"2025-02-10 10:00:00"}],"hide_in_front":0,"image":"/1/_/1_130.jpg","imageAltTags":[],"is_in_stock":true,"name":"Chia Oil-Free Moisturizer with Chia Seed \u0026 Ceramides for Hydrated Glow - 80 g","position":"50","price":"379.00","product_card_tags":"24*Hrs Long Lasting Moisturization | Oil-Free Formula for Normal to Oily Skin | Healthy Skin Barrier | Co-created with Top Dermats","review_count":76,"sku":"8904417319118","special_price":"","special_price_from_date":{"date":"2025-02-10 15:30:00","timezone_type":3,"timezone":"Asia/Kolkata"},"tags":"new launch","url_key":"mamaearth-chia-oil-free-moisturizer-with-chia-seed-ceramides-for-healthy-skin-barrier-80g","product_subtitle_keys":["Buy 1 Get 1 FREE"," Hydrated Glow"," Moisturizer"," Chia Oil-Free"," 80g"],"configurable_option":{"attribute_id":343,"option_id":505,"attribute_label":"Chia_Moisturizer","title":"Oil-Free (80g)","swatch_data":{"swatch_id":746,"option_id":505,"store_id":1,"type":0,"value":"Oil-Free (80g)"}},"siblings":[{"id":1554,"sku":"8904417319507","name":" Chia Calming Moisturizer with Chia Seed \u0026 Ceramides for Healthy Skin Barrier - 80g","url_key":"chia-calming-moisturizer-with-chia-seed-ceramides-for-healthy-skin-barrier","price":"399.00","is_in_stock":true,"custom_attributes":[{"attribute_code":"saving_scheme","value":"price_per_100_gm"},{"attribute_code":"volume","value":"80"}],"special_price":"","parent_id":1564,"attribute_id":343,"option_id":506,"parent_sku":"456785434567654","attribute_label":"Chia_Moisturizer","title":"Calming (80g)","swatch_data":{"swatch_id":748,"option_id":506,"store_id":1,"type":0,"value":"Calming (80g)"},"special_from_date":{"date":"2025-03-10 05:30:00","timezone_type":3,"timezone":"Asia/Kolkata"}}],"size":"80g","unitPrice":"4.74/g","old_productid":"1542","generic_name":null},{"id":1548,"tier_prices":[],"avg_rating_percent":95,"categories":[2,5,45,51,130,342,444,97,380,386,358],"created_at":"2025-02-20 05:34:39","custom_attributes":[{"attribute_code":"manufacturer","value":"Kapco International Limited Kapco International Limited, Plot no 10-11, Sector 3, Parwanoo, Himachal Pradesh, India – 173220. , VA Lifesciences LLP VA Lifesciences LLP, plot No. 9D, Sector – 2, Parwanoo, Himachal Pradesh, India – 173220. "},{"attribute_code":"meta_title","value":"Mamaearth Chia Calming Face Cleanser with Chia Seed \u0026 Ceramides for Dry \u0026 Sensitive Skin - 180 ml"},{"attribute_code":"meta_description","value":"Mamaearth Chia Calming Face Cleanser with Chia Seed \u0026 Ceramides for Dry \u0026 Sensitive Skin - 180 ml "},{"attribute_code":"image","value":"/1/_/1_132.jpg"},{"attribute_code":"small_image","value":"/1/_/1_132.jpg"},{"attribute_code":"thumbnail","value":"/1/_/1_132.jpg"},{"attribute_code":"options_container","value":"container2"},{"attribute_code":"country_of_manufacture","value":"IN"},{"attribute_code":"url_key","value":"mamaearth-chia-calming-face-cleanser-with-chia-seed-ceramides-for-dry-sensitive-skin-180-ml"},{"attribute_code":"msrp_display_actual_price_type","value":"0"},{"attribute_code":"gift_message_available","value":"2"},{"attribute_code":"swatch_image","value":"/1/_/1_132.jpg"},{"attribute_code":"attribute_label_1","value":"About Mamaearth Chia Calming Face Cleanser"},{"attribute_code":"attribute_label_2","value":"Key Ingredients"},{"attribute_code":"attribute_label_3","value":"How to Use"},{"attribute_code":"attribute_label_4","value":"Who can Use"},{"attribute_code":"attribute_label_5","value":"Why Mamaearth"},{"attribute_code":"attribute_label_6","value":"Ingredient List"},{"attribute_code":"attribute_label_7","value":"FAQS"},{"attribute_code":"best_before","value":"24 Months"},{"attribute_code":"dimensions","value":"10 * 5 * 5 cm"},{"attribute_code":"ean_code","value":"8904417319989"},{"attribute_code":"mrp","value":"399"},{"attribute_code":"old_productid","value":"1547"},{"attribute_code":"tags","value":"new launch"},{"attribute_code":"marketed_by","value":"Honasa Consumer Limited, 10th and 11th Floor, Capital Cyberscape, Sector 59, Gurugram, Haryana, 122101"},{"attribute_code":"live_url","value":"https://mamaearth.in/product/mamaearth-chia-calming-face-cleanser-with-chia-seed-ceramides-for-dry-sensitive-skin-180-ml"},{"attribute_code":"length","value":"10"},{"attribute_code":"google_category","value":"2915"},{"attribute_code":"cms_sequence","value":"1,2,3,4,5,6,7,8"},{"attribute_code":"width","value":"5"},{"attribute_code":"height","value":"5"},{"attribute_code":"breadcrumb_category","value":"51","title":"Best Face Wash for Men \u0026 Women ","url_key":"face-wash"},{"attribute_code":"brand","value":"4"},{"attribute_code":"product_card_tags","value":"Gives Hydrated Glow | Non-foaming | Cleanses Gently | Co-created with Top Dermats | Healthy Skin Barrier"},{"attribute_code":"saving_scheme","value":"price_per_100_ml"},{"attribute_code":"product_subtitle_keys","value":"Buy 1 Get 1 FREE, Hydrated Glow, Face Cleanser, Chia Seed, 180ml"},{"attribute_code":"is_suitable_for_skin_type","value":"463","label":"sensitive"},{"attribute_code":"tax_class_id","value":"2"},{"attribute_code":"create_scarcity","value":"0"},{"attribute_code":"hide_product_infront","value":"0"},{"attribute_code":"show_in_feed","value":"1"},{"attribute_code":"base_category","value":"86"},{"attribute_code":"base_sub_category","value":"65"},{"attribute_code":"show_price_per_unit","value":"1"},{"attribute_code":"volume","value":"180"},{"attribute_code":"enable_fbt_popup","value":"0"},{"attribute_code":"enable_product_for_wa_commerce","value":"0"},{"attribute_code":"strikethrough","value":"0"},{"attribute_code":"chia_face_wash","value":"490"},{"attribute_code":"meta_keyword","value":"Mamaearth Chia Calming Face Cleanser with Chia Seed \u0026 Ceramides for Dry \u0026 Sensitive Skin - 180 ml"},{"attribute_code":"attribute_value_1","value":"\u003cdiv class=\"list-banner\"\u003e\u003cimg src=\"https://images.mamaearth.in/wysiwyg/All-Aplus/Chia-Range/Calming/Chia-Calminf-Face-Cleanser-new123.jpg\" alt=\"Chia Calming Face Cleanser\" width=\"973\" height=\"3100\" /\u003e\r\n\u003cp style=\"text-align: center;\"\u003eChia Calming Face Cleanser\u003c/p\u003e\r\n\u003c/div\u003e"},{"attribute_code":"attribute_value_2","value":"\u003cdiv\u003e\r\n\u003cul class=\"woodmart-list\"\u003e\r\n\u003cli\u003e\r\n\u003cdiv class=\"list-icon\"\u003e\u003cimg src=\"https://images.mamaearth.in/wysiwyg/ing-list/ChiaSeed.jpg\" alt=\"Multani Mitti\" /\u003e\u003c/div\u003e\r\n\u003cspan class=\"list-content\" style=\"text-align: justify;\"\u003e\u003cstrong\u003eChia Seed: \u003c/strong\u003eHydrates \u0026amp; soothes skin.\u003c/span\u003e\u003c/li\u003e\r\n\u003cli\u003e\r\n\u003cdiv class=\"list-icon\"\u003e\u003cimg src=\"https://images.mamaearth.in/wysiwyg/ing-list/cerm.png\" alt=\"Bulgarian Rose\" /\u003e\u003c/div\u003e\r\n\u003cspan class=\"list-content\" style=\"text-align: justify;\"\u003e\u003cstrong\u003eCeramides:\u003c/strong\u003eRepair \u0026amp; strengthen skin barrier.\u003c/span\u003e\u003c/li\u003e\r\n\u003cli\u003e\r\n\u003cdiv class=\"list-icon\"\u003e\u003cimg src=\"https://images.mamaearth.in/wysiwyg/ing-list/glycerin.jpg\" alt=\"Niacinamide\" /\u003e\u003c/div\u003e\r\n\u003cspan class=\"list-content\" style=\"text-align: justify;\"\u003e\u003cstrong\u003eGlycerin:\u003c/strong\u003eLocks-in moisture.\u003c/span\u003e\u003c/li\u003e\r\n\u003cli\u003e\r\n\u003cdiv class=\"list-icon\"\u003e\u003cimg src=\"https://images.mamaearth.in/wysiwyg/ing-list/nica.png\" alt=\"Niacinamide\" /\u003e\u003c/div\u003e\r\n\u003cspan class=\"list-content\" style=\"text-align: justify;\"\u003e\u003cstrong\u003eNiacinamide:\u003c/strong\u003eEvens out skin tone.\u003c/span\u003e\u003c/li\u003e\r\n\u003c/ul\u003e\r\n\u003c/div\u003e"},{"attribute_code":"short_description","value":"\u003cp\u003e\u003cspan style=\"font-weight: 400;\"\u003eAlert! Your skin is under daily attack from pollution and environmental stressors — it’s total chaos. This can leave your skin barrier (the protective layer) feeling dry, irritated, weak and sometimes… sad. The solution? Stay calm, cause Mamaearth Chia Calming Face Cleanser is here to work the charm.\u003c/span\u003e\u003c/p\u003e\r\n\u003cp\u003eIt’s co-created with top dermats, especially for dry to normal and sensitive skin types. Enriched with Chia Seed and Ceramides, it gives hydrated glow and strengthens your skin’s natural barrier. Gentle, soap-free and fragrance-free, this non-foaming cleanser ensures a thorough wash without any discomfort — cause a little calm goes a long way.\u003c/p\u003e\r\n\u003cp\u003eCrafted with nature’s best, Chia Seed hydrates and prevents moisture loss. Glycerin nourishes and locks-in moisture. Adding a touch of actives to the mix, Ceramides repair the natural barrier and promote overall skin health. Niacinamide steps in to even out skin tone for a brighter appeal.\u003c/p\u003e\r\n\u003cp\u003eFree of SLS/SLES, Parabens, Silicones, and all the nasties, Mamaearth Chia Calming Face Cleanser is Made Safe Approved.\u003c/p\u003e\r\n\u003cp\u003eSo, when life gets super chaotic just keep calm and have a good cleanse.\u003c/p\u003e"},{"attribute_code":"attribute_value_3","value":"\u003cul\u003e\r\n\u003cli\u003e\u003cspan class=\"list-content\"\u003e\u003cstrong\u003eStep 1 : \u003c/strong\u003eApply a small amount on wet or dry face.\u003c/span\u003e\u003c/li\u003e\r\n\u003cli\u003e\u003cspan class=\"list-content\"\u003e\u003cstrong\u003eStep 2 : \u003c/strong\u003eGently massage with fingertips in circular motion.\u003c/span\u003e\u003c/li\u003e\r\n\u003cli\u003e\u003cspan class=\"list-content\"\u003e\u003cstrong\u003eStep 3 : \u003c/strong\u003eRinse with water \u0026 pat dry.\u003c/span\u003e\u003c/li\u003e\r\n\u003c/ul\u003e"},{"attribute_code":"attribute_value_4","value":"\u003cul style=\"list-style: disc; padding-left: 1em;\"\u003e\r\n\u003cli\u003e\u003cspan class=\"list-content\"\u003eAnyone who’s 18 years \u0026amp; above \u003c/span\u003e\u003c/li\u003e\r\n\u003cli\u003e\u003cspan class=\"list-content\"\u003eSuitable for dry to sensitive skin \u003c/span\u003e\u003c/li\u003e\r\n\u003c/ul\u003e"},{"attribute_code":"attribute_value_5","value":"\u003cul class=\"compare-list\"\u003e\r\n\u003cli\u003e\r\n\u003cdiv class=\"compare-content\"\u003e\r\n\u003cul\u003e\r\n\u003cli style=\"font-weight: 400;\" aria-level=\"1\"\u003e\u003cspan style=\"font-weight: 400;\"\u003eStrengthens skin barrier\u003c/span\u003e\u003c/li\u003e\r\n\u003cli style=\"font-weight: 400;\" aria-level=\"1\"\u003e\u003cspan style=\"font-weight: 400;\"\u003eDeeply hydrates\u003c/span\u003e\u003c/li\u003e\r\n\u003cli style=\"font-weight: 400;\" aria-level=\"1\"\u003e\u003cspan style=\"font-weight: 400;\"\u003eOil-free\u003c/span\u003e\u003c/li\u003e\r\n\u003cli style=\"font-weight: 400;\" aria-level=\"1\"\u003e\u003cspan style=\"font-weight: 400;\"\u003eCleanses gently\u003c/span\u003e\u003c/li\u003e\r\n\u003cli style=\"font-weight: 400;\" aria-level=\"1\"\u003e\u003cspan style=\"font-weight: 400;\"\u003eSoap-free\u003c/span\u003e\u003c/li\u003e\r\n\u003cli style=\"font-weight: 400;\" aria-level=\"1\"\u003e\u003cspan style=\"font-weight: 400;\"\u003eFragrance-free\u003c/span\u003e\u003c/li\u003e\r\n\u003cli style=\"font-weight: 400;\" aria-level=\"1\"\u003e\u003cspan style=\"font-weight: 400;\"\u003eNon-comedogenic\u003c/span\u003e\u003c/li\u003e\r\n\u003cli style=\"font-weight: 400;\" aria-level=\"1\"\u003e\u003cspan style=\"font-weight: 400;\"\u003eMakes skin feel healthy \u0026amp; nourished\u003c/span\u003e\u003c/li\u003e\r\n\u003cli style=\"font-weight: 400;\" aria-level=\"1\"\u003e\u003cspan style=\"font-weight: 400;\"\u003eFree of toxins\u003c/span\u003e\u003c/li\u003e\r\n\u003cli style=\"font-weight: 400;\" aria-level=\"1\"\u003e\u003cspan style=\"font-weight: 400;\"\u003eMade Safe approved\u003c/span\u003e\u003c/li\u003e\r\n\u003c/ul\u003e\r\n\u003c/div\u003e\r\n\u003c/li\u003e\r\n\u003cli\u003e\r\n\u003cdiv class=\"compare-content\"\u003e\r\n\u003cul\u003e\r\n\u003cli style=\"font-weight: 400;\" aria-level=\"1\"\u003e\u003cspan style=\"font-weight: 400;\"\u003eDoesn’t strengthen skin barrier\u003c/span\u003e\u003c/li\u003e\r\n\u003cli style=\"font-weight: 400;\" aria-level=\"1\"\u003e\u003cspan style=\"font-weight: 400;\"\u003eNot hydrating enough\u003c/span\u003e\u003c/li\u003e\r\n\u003cli style=\"font-weight: 400;\" aria-level=\"1\"\u003e\u003cspan style=\"font-weight: 400;\"\u003eContains oil\u003c/span\u003e\u003c/li\u003e\r\n\u003cli style=\"font-weight: 400;\" aria-level=\"1\"\u003e\u003cspan style=\"font-weight: 400;\"\u003eDoesn’t cleanse gently\u003c/span\u003e\u003c/li\u003e\r\n\u003cli style=\"font-weight: 400;\" aria-level=\"1\"\u003e\u003cspan style=\"font-weight: 400;\"\u003eContains soap \u003c/span\u003e\u003c/li\u003e\r\n\u003cli style=\"font-weight: 400;\" aria-level=\"1\"\u003e\u003cspan style=\"font-weight: 400;\"\u003eContains fragrance\u003c/span\u003e\u003c/li\u003e\r\n\u003cli style=\"font-weight: 400;\" aria-level=\"1\"\u003e\u003cspan style=\"font-weight: 400;\"\u003eComedogenic\u003c/span\u003e\u003c/li\u003e\r\n\u003cli style=\"font-weight: 400;\" aria-level=\"1\"\u003e\u003cspan style=\"font-weight: 400;\"\u003eMakes skin feel tight \u0026amp; dry\u003c/span\u003e\u003c/li\u003e\r\n\u003cli style=\"font-weight: 400;\" aria-level=\"1\"\u003e\u003cspan style=\"font-weight: 400;\"\u003e Contains Toxins\u003c/span\u003e\u003c/li\u003e\r\n\u003cli style=\"font-weight: 400;\" aria-level=\"1\"\u003e\u003cspan style=\"font-weight: 400;\"\u003eNot made safe approved\u003c/span\u003e\u003c/li\u003e\r\n\u003c/ul\u003e\r\n\u003c/div\u003e\r\n\u003c/li\u003e\r\n\u003c/ul\u003e"},{"attribute_code":"attribute_value_6","value":"\u003ctable\u003e\r\n\u003ctbody\u003e\r\n\u003ctr\u003e\r\n\u003ctd\u003e\r\n\u003cp\u003e\u003cstrong\u003eIngredient\u003c/strong\u003e\u003c/p\u003e\r\n\u003c/td\u003e\r\n\u003ctd\u003e\r\n\u003cp\u003e\u003cstrong\u003eType\u003c/strong\u003e\u003c/p\u003e\r\n\u003c/td\u003e\r\n\u003ctd\u003e\r\n\u003cp\u003e\u003cstrong\u003eWhere’s It From\u003c/strong\u003e\u003c/p\u003e\r\n\u003c/td\u003e\r\n\u003ctd\u003e\r\n\u003cp\u003e\u003cstrong\u003eHow It Helps\u003c/strong\u003e\u003c/p\u003e\r\n\u003c/td\u003e\r\n\u003c/tr\u003e\r\n\u003ctr\u003e\r\n\u003ctd\u003e\r\n\u003cp\u003e\u003cspan style=\"font-weight: 400;\"\u003eChia Seed Water\u003c/span\u003e\u003c/p\u003e\r\n\u003c/td\u003e\r\n\u003ctd\u003e\r\n\u003cp\u003e\u003cspan style=\"font-weight: 400;\"\u003eNatural\u003c/span\u003e\u003c/p\u003e\r\n\u003c/td\u003e\r\n\u003ctd\u003e\r\n\u003cp\u003e\u003cspan style=\"font-weight: 400;\"\u003ePlant-Based\u003c/span\u003e\u003c/p\u003e\r\n\u003c/td\u003e\r\n\u003ctd\u003e\r\n\u003cp\u003e\u003cspan style=\"font-weight: 400;\"\u003eHydrating \u0026amp; Soothing\u003c/span\u003e\u003c/p\u003e\r\n\u003c/td\u003e\r\n\u003c/tr\u003e\r\n\u003ctr\u003e\r\n\u003ctd\u003e\r\n\u003cp\u003e\u003cspan style=\"font-weight: 400;\"\u003eCetostearyl Alcohol\u003c/span\u003e\u003c/p\u003e\r\n\u003c/td\u003e\r\n\u003ctd\u003e\r\n\u003cp\u003e\u003cspan style=\"font-weight: 400;\"\u003eNatural/Synthetic\u003c/span\u003e\u003c/p\u003e\r\n\u003c/td\u003e\r\n\u003ctd\u003e\r\n\u003cp\u003e\u003cspan style=\"font-weight: 400;\"\u003eLab-Derived or Plant-Based\u003c/span\u003e\u003c/p\u003e\r\n\u003c/td\u003e\r\n\u003ctd\u003e\r\n\u003cp\u003e\u003cspan style=\"font-weight: 400;\"\u003eMoisturizing Agent\u003c/span\u003e\u003c/p\u003e\r\n\u003c/td\u003e\r\n\u003c/tr\u003e\r\n\u003ctr\u003e\r\n\u003ctd\u003e\r\n\u003cp\u003e\u003cspan style=\"font-weight: 400;\"\u003eGlycerin\u003c/span\u003e\u003c/p\u003e\r\n\u003c/td\u003e\r\n\u003ctd\u003e\r\n\u003cp\u003e\u003cspan style=\"font-weight: 400;\"\u003eNatural\u003c/span\u003e\u003c/p\u003e\r\n\u003c/td\u003e\r\n\u003ctd\u003e\r\n\u003cp\u003e\u003cspan style=\"font-weight: 400;\"\u003ePlant-Based\u003c/span\u003e\u003c/p\u003e\r\n\u003c/td\u003e\r\n\u003ctd\u003e\r\n\u003cp\u003e\u003cspan style=\"font-weight: 400;\"\u003eMoisturizing Agent\u003c/span\u003e\u003c/p\u003e\r\n\u003c/td\u003e\r\n\u003c/tr\u003e\r\n\u003ctr\u003e\r\n\u003ctd\u003e\r\n\u003cp\u003e\u003cspan style=\"font-weight: 400;\"\u003eSodium Cocoyl Isethionate\u003c/span\u003e\u003c/p\u003e\r\n\u003c/td\u003e\r\n\u003ctd\u003e\r\n\u003cp\u003e\u003cspan style=\"font-weight: 400;\"\u003eNatural\u003c/span\u003e\u003c/p\u003e\r\n\u003c/td\u003e\r\n\u003ctd\u003e\r\n\u003cp\u003e\u003cspan style=\"font-weight: 400;\"\u003ePlant-Based\u003c/span\u003e\u003c/p\u003e\r\n\u003c/td\u003e\r\n\u003ctd\u003e\r\n\u003cp\u003e\u003cspan style=\"font-weight: 400;\"\u003eSurfactant\u003c/span\u003e\u003c/p\u003e\r\n\u003c/td\u003e\r\n\u003c/tr\u003e\r\n\u003ctr\u003e\r\n\u003ctd\u003e\r\n\u003cp\u003e\u003cspan style=\"font-weight: 400;\"\u003e Salvia Hispanica (Chia Seed) Extract\u003c/span\u003e\u003c/p\u003e\r\n\u003c/td\u003e\r\n\u003ctd\u003e\r\n\u003cp\u003e\u003cspan style=\"font-weight: 400;\"\u003eNatural\u003c/span\u003e\u003c/p\u003e\r\n\u003c/td\u003e\r\n\u003ctd\u003e\r\n\u003cp\u003e\u003cspan style=\"font-weight: 400;\"\u003ePlant-Based\u003c/span\u003e\u003c/p\u003e\r\n\u003c/td\u003e\r\n\u003ctd\u003e\r\n\u003cp\u003e\u003cspan style=\"font-weight: 400;\"\u003eHydrating, Soothing \u0026amp; Rich in Antioxidants\u003c/span\u003e\u003c/p\u003e\r\n\u003c/td\u003e\r\n\u003c/tr\u003e\r\n\u003ctr\u003e\r\n\u003ctd\u003e\r\n\u003cp\u003e\u003cspan style=\"font-weight: 400;\"\u003eLaminaria Digitata Extract\u003c/span\u003e\u003c/p\u003e\r\n\u003c/td\u003e\r\n\u003ctd rowspan=\"7\"\u003e\r\n\u003cp\u003e\u003cspan style=\"font-weight: 400;\"\u003eNatural/Synthetic Blend\u003c/span\u003e\u003c/p\u003e\r\n\u003c/td\u003e\r\n\u003ctd rowspan=\"7\"\u003e\r\n\u003cp\u003e\u003cspan style=\"font-weight: 400;\"\u003eLab-Derived or Plant-Based\u003c/span\u003e\u003c/p\u003e\r\n\u003c/td\u003e\r\n\u003ctd rowspan=\"7\"\u003e\r\n\u003cp\u003e\u003cspan style=\"font-weight: 400;\"\u003eRestores Skin Barrier \u0026amp; Locks in Moisture\u003c/span\u003e\u003c/p\u003e\r\n\u003c/td\u003e\r\n\u003c/tr\u003e\r\n\u003ctr\u003e\r\n\u003ctd\u003e\r\n\u003cp\u003e\u003cspan style=\"font-weight: 400;\"\u003e Cetyl-PG Hydroxyethyl Palmitate\u003c/span\u003e\u003c/p\u003e\r\n\u003c/td\u003e\r\n\u003c/tr\u003e\r\n\u003ctr\u003e\r\n\u003ctd\u003e\r\n\u003cp\u003e\u003cspan style=\"font-weight: 400;\"\u003eCeramide EOP\u003c/span\u003e\u003c/p\u003e\r\n\u003c/td\u003e\r\n\u003c/tr\u003e\r\n\u003ctr\u003e\r\n\u003ctd\u003e\r\n\u003cp\u003e\u003cspan style=\"font-weight: 400;\"\u003eCeramide NG\u003c/span\u003e\u003c/p\u003e\r\n\u003c/td\u003e\r\n\u003c/tr\u003e\r\n\u003ctr\u003e\r\n\u003ctd\u003e\r\n\u003cp\u003e\u003cspan style=\"font-weight: 400;\"\u003eCeramide NP\u003c/span\u003e\u003c/p\u003e\r\n\u003c/td\u003e\r\n\u003c/tr\u003e\r\n\u003ctr\u003e\r\n\u003ctd\u003e\r\n\u003cp\u003e\u003cspan style=\"font-weight: 400;\"\u003eCeramide AS\u003c/span\u003e\u003c/p\u003e\r\n\u003c/td\u003e\r\n\u003c/tr\u003e\r\n\u003ctr\u003e\r\n\u003ctd\u003e\r\n\u003cp\u003e\u003cspan style=\"font-weight: 400;\"\u003eCeramide AP\u003c/span\u003e\u003c/p\u003e\r\n\u003c/td\u003e\r\n\u003c/tr\u003e\r\n\u003ctr\u003e\r\n\u003ctd\u003e\r\n\u003cp\u003e\u003cspan style=\"font-weight: 400;\"\u003ePhenoxyethanol\u003c/span\u003e\u003c/p\u003e\r\n\u003c/td\u003e\r\n\u003ctd\u003e\r\n\u003cp\u003e\u003cspan style=\"font-weight: 400;\"\u003eNatural\u003c/span\u003e\u003c/p\u003e\r\n\u003c/td\u003e\r\n\u003ctd\u003e\r\n\u003cp\u003e\u003cspan style=\"font-weight: 400;\"\u003ePlant-Based\u003c/span\u003e\u003c/p\u003e\r\n\u003c/td\u003e\r\n\u003ctd\u003e\r\n\u003cp\u003e\u003cspan style=\"font-weight: 400;\"\u003ePreservative\u003c/span\u003e\u003c/p\u003e\r\n\u003c/td\u003e\r\n\u003c/tr\u003e\r\n\u003ctr\u003e\r\n\u003ctd\u003e\r\n\u003cp\u003e\u003cspan style=\"font-weight: 400;\"\u003eEthylhexylglycerin\u003c/span\u003e\u003c/p\u003e\r\n\u003c/td\u003e\r\n\u003ctd\u003e\r\n\u003cp\u003e\u003cspan style=\"font-weight: 400;\"\u003eNatural\u003c/span\u003e\u003c/p\u003e\r\n\u003c/td\u003e\r\n\u003ctd\u003e\r\n\u003cp\u003e\u003cspan style=\"font-weight: 400;\"\u003ePlant-Based\u003c/span\u003e\u003c/p\u003e\r\n\u003c/td\u003e\r\n\u003ctd\u003e\r\n\u003cp\u003e\u003cspan style=\"font-weight: 400;\"\u003eHumectant\u003c/span\u003e\u003c/p\u003e\r\n\u003c/td\u003e\r\n\u003c/tr\u003e\r\n\u003ctr\u003e\r\n\u003ctd\u003e\r\n\u003cp\u003e\u003cspan style=\"font-weight: 400;\"\u003eCocamidopropyl Betaine\u003c/span\u003e\u003c/p\u003e\r\n\u003c/td\u003e\r\n\u003ctd\u003e\r\n\u003cp\u003e\u003cspan style=\"font-weight: 400;\"\u003eNatural\u003c/span\u003e\u003c/p\u003e\r\n\u003c/td\u003e\r\n\u003ctd\u003e\r\n\u003cp\u003e\u003cspan style=\"font-weight: 400;\"\u003ePlant-Based\u003c/span\u003e\u003c/p\u003e\r\n\u003c/td\u003e\r\n\u003ctd\u003e\r\n\u003cp\u003e\u003cspan style=\"font-weight: 400;\"\u003eMoisturizing Agent\u003c/span\u003e\u003c/p\u003e\r\n\u003c/td\u003e\r\n\u003c/tr\u003e\r\n\u003ctr\u003e\r\n\u003ctd\u003e\r\n\u003cp\u003e\u003cspan style=\"font-weight: 400;\"\u003eXanthan Gum\u003c/span\u003e\u003c/p\u003e\r\n\u003c/td\u003e\r\n\u003ctd\u003e\r\n\u003cp\u003e\u003cspan style=\"font-weight: 400;\"\u003eNatural\u003c/span\u003e\u003c/p\u003e\r\n\u003c/td\u003e\r\n\u003ctd\u003e\r\n\u003cp\u003e\u003cspan style=\"font-weight: 400;\"\u003ePlant-Based\u003c/span\u003e\u003c/p\u003e\r\n\u003c/td\u003e\r\n\u003ctd\u003e\r\n\u003cp\u003e\u003cspan style=\"font-weight: 400;\"\u003eThickening Agent\u003c/span\u003e\u003c/p\u003e\r\n\u003c/td\u003e\r\n\u003c/tr\u003e\r\n\u003ctr\u003e\r\n\u003ctd\u003e\r\n\u003cp\u003e\u003cspan style=\"font-weight: 400;\"\u003eCetyl Alcohol\u003c/span\u003e\u003c/p\u003e\r\n\u003c/td\u003e\r\n\u003ctd\u003e\r\n\u003cp\u003e\u003cspan style=\"font-weight: 400;\"\u003eSynthetic\u003c/span\u003e\u003c/p\u003e\r\n\u003c/td\u003e\r\n\u003ctd\u003e\r\n\u003cp\u003e\u003cspan style=\"font-weight: 400;\"\u003eLab-Synthesized\u003c/span\u003e\u003c/p\u003e\r\n\u003c/td\u003e\r\n\u003ctd\u003e\r\n\u003cp\u003e\u003cspan style=\"font-weight: 400;\"\u003eEmollient, Thickener \u0026amp; Stabilizer\u003c/span\u003e\u003c/p\u003e\r\n\u003c/td\u003e\r\n\u003c/tr\u003e\r\n\u003ctr\u003e\r\n\u003ctd\u003e\r\n\u003cp\u003e\u003cspan style=\"font-weight: 400;\"\u003eCarbomer\u003c/span\u003e\u003c/p\u003e\r\n\u003c/td\u003e\r\n\u003ctd\u003e\r\n\u003cp\u003e\u003cspan style=\"font-weight: 400;\"\u003eSynthetic\u003c/span\u003e\u003c/p\u003e\r\n\u003c/td\u003e\r\n\u003ctd\u003e\r\n\u003cp\u003e\u003cspan style=\"font-weight: 400;\"\u003eLab-Synthesized\u003c/span\u003e\u003c/p\u003e\r\n\u003c/td\u003e\r\n\u003ctd\u003e\r\n\u003cp\u003e\u003cspan style=\"font-weight: 400;\"\u003eThickening Agent\u003c/span\u003e\u003c/p\u003e\r\n\u003c/td\u003e\r\n\u003c/tr\u003e\r\n\u003ctr\u003e\r\n\u003ctd\u003e\r\n\u003cp\u003e\u003cspan style=\"font-weight: 400;\"\u003eSaccharide Isomerate\u003c/span\u003e\u003c/p\u003e\r\n\u003c/td\u003e\r\n\u003ctd\u003e\r\n\u003cp\u003e\u003cspan style=\"font-weight: 400;\"\u003eNatural\u003c/span\u003e\u003c/p\u003e\r\n\u003c/td\u003e\r\n\u003ctd\u003e\r\n\u003cp\u003e\u003cspan style=\"font-weight: 400;\"\u003ePlant-Based\u003c/span\u003e\u003c/p\u003e\r\n\u003c/td\u003e\r\n\u003ctd\u003e\r\n\u003cp\u003e\u003cspan style=\"font-weight: 400;\"\u003eHumectant\u003c/span\u003e\u003c/p\u003e\r\n\u003c/td\u003e\r\n\u003c/tr\u003e\r\n\u003ctr\u003e\r\n\u003ctd\u003e\r\n\u003cp\u003e\u003cspan style=\"font-weight: 400;\"\u003eCitric Acid\u003c/span\u003e\u003c/p\u003e\r\n\u003c/td\u003e\r\n\u003ctd\u003e\r\n\u003cp\u003e\u003cspan style=\"font-weight: 400;\"\u003eNatural\u003c/span\u003e\u003c/p\u003e\r\n\u003c/td\u003e\r\n\u003ctd\u003e\r\n\u003cp\u003e\u003cspan style=\"font-weight: 400;\"\u003ePlant-Based\u003c/span\u003e\u003c/p\u003e\r\n\u003c/td\u003e\r\n\u003ctd\u003e\r\n\u003cp\u003e\u003cspan style=\"font-weight: 400;\"\u003eExfoliant \u0026amp; pH Balancer\u003c/span\u003e\u003c/p\u003e\r\n\u003c/td\u003e\r\n\u003c/tr\u003e\r\n\u003ctr\u003e\r\n\u003ctd\u003e\r\n\u003cp\u003e\u003cspan style=\"font-weight: 400;\"\u003eSodium Citrate\u003c/span\u003e\u003c/p\u003e\r\n\u003c/td\u003e\r\n\u003ctd\u003e\r\n\u003cp\u003e\u003cspan style=\"font-weight: 400;\"\u003eNatural\u003c/span\u003e\u003c/p\u003e\r\n\u003c/td\u003e\r\n\u003ctd\u003e\r\n\u003cp\u003e\u003cspan style=\"font-weight: 400;\"\u003ePlant-Based\u003c/span\u003e\u003c/p\u003e\r\n\u003c/td\u003e\r\n\u003ctd\u003e\r\n\u003cp\u003e\u003cspan style=\"font-weight: 400;\"\u003eExfoliant \u0026amp; pH Balancer\u003c/span\u003e\u003c/p\u003e\r\n\u003c/td\u003e\r\n\u003c/tr\u003e\r\n\u003ctr\u003e\r\n\u003ctd\u003e\r\n\u003cp\u003e\u003cspan style=\"font-weight: 400;\"\u003eNiacinamide\u003c/span\u003e\u003c/p\u003e\r\n\u003c/td\u003e\r\n\u003ctd\u003e\r\n\u003cp\u003e\u003cspan style=\"font-weight: 400;\"\u003eNatural\u003c/span\u003e\u003c/p\u003e\r\n\u003c/td\u003e\r\n\u003ctd\u003e\r\n\u003cp\u003e\u003cspan style=\"font-weight: 400;\"\u003ePlant-Based\u003c/span\u003e\u003c/p\u003e\r\n\u003c/td\u003e\r\n\u003ctd\u003e\r\n\u003cp\u003e\u003cspan style=\"font-weight: 400;\"\u003eExfoliating Agent\u003c/span\u003e\u003c/p\u003e\r\n\u003c/td\u003e\r\n\u003c/tr\u003e\r\n\u003ctr\u003e\r\n\u003ctd\u003e\r\n\u003cp\u003e\u003cspan style=\"font-weight: 400;\"\u003eSodium Gluconate\u003c/span\u003e\u003c/p\u003e\r\n\u003c/td\u003e\r\n\u003ctd\u003e\r\n\u003cp\u003e\u003cspan style=\"font-weight: 400;\"\u003eNatural\u003c/span\u003e\u003c/p\u003e\r\n\u003c/td\u003e\r\n\u003ctd\u003e\r\n\u003cp\u003e\u003cspan style=\"font-weight: 400;\"\u003eGlucose\u003c/span\u003e\u003c/p\u003e\r\n\u003c/td\u003e\r\n\u003ctd\u003e\r\n\u003cp\u003e\u003cspan style=\"font-weight: 400;\"\u003eHumectant\u003c/span\u003e\u003c/p\u003e\r\n\u003c/td\u003e\r\n\u003c/tr\u003e\r\n\u003ctr\u003e\r\n\u003ctd\u003e\r\n\u003cp\u003e\u003cspan style=\"font-weight: 400;\"\u003eSodium Hydroxide\u003c/span\u003e\u003c/p\u003e\r\n\u003c/td\u003e\r\n\u003ctd\u003e\r\n\u003cp\u003e\u003cspan style=\"font-weight: 400;\"\u003eNatural\u003c/span\u003e\u003c/p\u003e\r\n\u003c/td\u003e\r\n\u003ctd\u003e\r\n\u003cp\u003e\u003cspan style=\"font-weight: 400;\"\u003eGlucose\u003c/span\u003e\u003c/p\u003e\r\n\u003c/td\u003e\r\n\u003ctd\u003e\r\n\u003cp\u003e\u003cspan style=\"font-weight: 400;\"\u003eHumectant\u003c/span\u003e\u003c/p\u003e\r\n\u003c/td\u003e\r\n\u003c/tr\u003e\r\n\u003ctr\u003e\r\n\u003ctd\u003e\r\n\u003cp\u003e\u003cspan style=\"font-weight: 400;\"\u003eTocopherol Acetate\u003c/span\u003e\u003c/p\u003e\r\n\u003c/td\u003e\r\n\u003ctd\u003e\r\n\u003cp\u003e\u003cspan style=\"font-weight: 400;\"\u003eSynthetic\u003c/span\u003e\u003c/p\u003e\r\n\u003c/td\u003e\r\n\u003ctd\u003e\r\n\u003cp\u003e\u003cspan style=\"font-weight: 400;\"\u003eLab-Synthesized\u003c/span\u003e\u003c/p\u003e\r\n\u003c/td\u003e\r\n\u003ctd\u003e\r\n\u003cp\u003e\u003cspan style=\"font-weight: 400;\"\u003eAnti-oxidant\u003c/span\u003e\u003c/p\u003e\r\n\u003c/td\u003e\r\n\u003c/tr\u003e\r\n\u003c/tbody\u003e\r\n\u003c/table\u003e"},{"attribute_code":"attribute_value_7","value":"\u003cdiv id=\"faqs\"\u003e\r\n\u003cp\u003eHow Often Should I Use The Chia Calming Face Cleanser?\u003c/p\u003e\r\n\u003cp\u003eFor best results, we recommend using the Chia Calming Face Cleanser twice a day—morning and night. Its gentle, non-drying formula makes it perfect for daily use, helping to cleanse, hydrate, and protect your skin's natural barrier.\u003c/p\u003e\r\n\u003cp\u003eDoes The Chia Calming Face Cleanser Leave My Skin Feeling Dry?\u003c/p\u003e\r\n\u003cp\u003eNo! The Chia Calming Face Cleanser is soap-free and non-drying. Thanks to the nourishing properties of Chia Seed and Ceramides, it cleanses your skin without stripping away its natural moisture, leaving your face feeling refreshed, soothed, hydrated.\u003c/p\u003e\r\n\u003cp\u003eWhat Are The Key Benefits Of The Chia Calming Face Cleanser?\u003c/p\u003e\r\n\u003cp\u003eOur Chia Calming Face Cleanser deeply cleanses, hydrates, soothes, and strengthens your skin’s barrier with the power of Chia Seed and Ceramides. It helps protect against dryness and environmental stressors while ensuring your skin stays soft, smooth, and healthy.\u003c/p\u003e\r\n\u003cp\u003e Is This Cleanser Suitable For Sensitive Skin?\u003c/p\u003e\r\n\u003cp\u003eYes, absolutely! The Chia Calming Face Cleanser is formulated with gentle ingredients, making it perfect for dry to sensitive skin. It’s free from toxins like parabens, sulfates, and silicones, and it effectively cleanses without causing irritation or dryness.\u003c/p\u003e\r\n\u003c/div\u003e"},{"attribute_code":"special_from_date","value":"2025-03-04 00:00:00"}],"hide_in_front":0,"image":"/1/_/1_132.jpg","imageAltTags":[],"is_in_stock":true,"name":"Chia Calming Face Cleanser with Chia Seed \u0026 Ceramides for Dry \u0026 Sensitive Skin - 180 ml","position":"50","price":"399.00","product_card_tags":"Gives Hydrated Glow | Non-foaming | Cleanses Gently | Co-created with Top Dermats | Healthy Skin Barrier","review_count":68,"sku":"8904417319989","special_price":"","special_price_from_date":{"date":"2025-03-04 05:30:00","timezone_type":3,"timezone":"Asia/Kolkata"},"tags":"new launch","url_key":"mamaearth-chia-calming-face-cleanser-with-chia-seed-ceramides-for-dry-sensitive-skin-180-ml","product_subtitle_keys":["Buy 1 Get 1 FREE"," Hydrated Glow"," Face Cleanser"," Chia Seed"," 180ml"],"configurable_option":{"attribute_id":341,"option_id":490,"attribute_label":"Chia_Face_Wash","title":"180 ml","swatch_data":{"swatch_id":726,"option_id":490,"store_id":1,"type":0,"value":"180 ml"}},"siblings":[{"id":1542,"sku":"8904417318876","name":" Chia Oil-Free Face Wash with Chia Seed \u0026 Ceramides for Hydrated Glow - 100 ml","url_key":"mamaearth-chia-oil-free-face-wash-with-chia-seed-ceramides-for-normal-to-oily-skin-100-ml","price":"269.00","is_in_stock":true,"custom_attributes":[{"attribute_code":"saving_scheme","value":"price_per_100_ml"},{"attribute_code":"volume","value":"100"}],"special_price":"","parent_id":1553,"attribute_id":341,"option_id":489,"parent_sku":"123456778","attribute_label":"Chia_Face_Wash","title":"100 ml","swatch_data":{"swatch_id":724,"option_id":489,"store_id":1,"type":0,"value":"100 ml"},"special_from_date":{"date":"2025-02-12 12:46:00","timezone_type":3,"timezone":"Asia/Kolkata"}}],"size":"180ml","unitPrice":"2.22/ml","old_productid":"1547","generic_name":null},{"id":1549,"tier_prices":[],"avg_rating_percent":97,"categories":[2,5,45,154,267,357,361,444,97,380,386],"created_at":"2025-02-20 07:06:07","custom_attributes":[{"attribute_code":"manufacturer","value":"VA Lifesciences LLP, Plot No. 9D, Sector – 2, Parwanoo, Himachal Pradesh, India – 173220. "},{"attribute_code":"meta_title","value":"Chia Oil-Free Sunscreen with Chia Seed \u0026 Ceramides for Healthy Skin Barrier \u0026 Sun Protection - 50g"},{"attribute_code":"meta_description","value":"Chia Oil-Free Sunscreen with Chia Seed \u0026 Ceramides for Healthy Skin Barrier \u0026 Sun Protection - 50g "},{"attribute_code":"image","value":"/1/_/1_131.jpg"},{"attribute_code":"small_image","value":"/1/_/1_131.jpg"},{"attribute_code":"thumbnail","value":"/1/_/1_131.jpg"},{"attribute_code":"options_container","value":"container2"},{"attribute_code":"country_of_manufacture","value":"IN"},{"attribute_code":"url_key","value":"chia-oil-free-sunscreen-with-chia-seed-ceramides-for-healthy-skin-barrier-sun-protection-50g"},{"attribute_code":"msrp_display_actual_price_type","value":"0"},{"attribute_code":"gift_message_available","value":"2"},{"attribute_code":"swatch_image","value":"/1/_/1_131.jpg"},{"attribute_code":"attribute_label_1","value":"About Mamaearth Chia Oil-Free Sunscreen"},{"attribute_code":"attribute_label_2","value":"Key Ingredients"},{"attribute_code":"attribute_label_3","value":"How to Use"},{"attribute_code":"attribute_label_4","value":"Who can Use"},{"attribute_code":"attribute_label_5","value":"Why Mamaearth"},{"attribute_code":"attribute_label_6","value":"Ingredient List"},{"attribute_code":"attribute_label_7","value":"FAQS"},{"attribute_code":"best_before","value":"24 Months"},{"attribute_code":"dimensions","value":"10 * 5 * 5 cm"},{"attribute_code":"ean_code","value":"8904417319590"},{"attribute_code":"mrp","value":"399"},{"attribute_code":"old_productid","value":"1548"},{"attribute_code":"tags","value":"new launch"},{"attribute_code":"marketed_by","value":"Honasa Consumer Limited, 10th and 11th Floor, Capital Cyberscape, Sector 59, Gurugram, Haryana, 122101"},{"attribute_code":"live_url","value":"https://mamaearth.in/product/chia-oil-free-sunscreen-with-chia-seed-ceramides-for-healthy-skin-barrier-sun-protection-50g"},{"attribute_code":"length","value":"10"},{"attribute_code":"google_category","value":"2915"},{"attribute_code":"cms_sequence","value":"1,2,3,4,5,6,7,8"},{"attribute_code":"width","value":"5"},{"attribute_code":"height","value":"5"},{"attribute_code":"breadcrumb_category","value":"267","title":"Sunscreen for Men and Women","url_key":"sunscreen"},{"attribute_code":"brand","value":"4"},{"attribute_code":"product_card_tags","value":"SPF 50 \u0026 PA++++ | Co-Created With Top Dermats | Oil-Free Formula for Normal to Oily Skin | Healthy Skin Barrier"},{"attribute_code":"saving_scheme","value":"price_per_100_gm"},{"attribute_code":"product_subtitle_keys","value":"Buy 1 Get 1 FREE, Hydrated Glow, Tan Protection, Sunscreen, Chia Seed, 50"},{"attribute_code":"is_suitable_for_skin_type","value":"463,464,465,466","label":"sensitive, dry, normal, oily"},{"attribute_code":"tax_class_id","value":"2"},{"attribute_code":"create_scarcity","value":"0"},{"attribute_code":"hide_product_infront","value":"0"},{"attribute_code":"show_in_feed","value":"1"},{"attribute_code":"base_category","value":"86"},{"attribute_code":"base_sub_category","value":"82"},{"attribute_code":"show_price_per_unit","value":"1"},{"attribute_code":"volume","value":"50"},{"attribute_code":"enable_fbt_popup","value":"0"},{"attribute_code":"enable_product_for_wa_commerce","value":"0"},{"attribute_code":"strikethrough","value":"0"},{"attribute_code":"chia_sunscreen","value":"498"},{"attribute_code":"meta_keyword","value":"Chia Oil-Free Sunscreen with Chia Seed \u0026 Ceramides for Healthy Skin Barrier \u0026 Sun Protection - 50g"},{"attribute_code":"attribute_value_1","value":"\u003cdiv class=\"list-banner\"\u003e\u003cimg src=\"https://images.mamaearth.in/wysiwyg/All-Aplus/Chia-Range/Oilfree/Chia-Oil-Free-Sunscreen-Aplus.jpg\" alt=\"Chia Oil-Free Sunscreen\" width=\"973\" height=\"3100\" /\u003e\r\n\u003cp style=\"text-align: center;\"\u003eChia Oil-Free Sunscreen\u003c/p\u003e\r\n\u003c/div\u003e"},{"attribute_code":"attribute_value_2","value":"\u003cdiv\u003e\r\n\u003cul class=\"woodmart-list\"\u003e\r\n\u003cli\u003e\r\n\u003cdiv class=\"list-icon\"\u003e\u003cimg src=\"https://images.mamaearth.in/wysiwyg/ing-list/ChiaSeed.jpg\" alt=\"Multani Mitti\" /\u003e\u003c/div\u003e\r\n\u003cspan class=\"list-content\" style=\"text-align: justify;\"\u003e\u003cstrong\u003eChia Seed: \u003c/strong\u003eHydrates \u0026amp; soothes skin.\u003c/span\u003e\u003c/li\u003e\r\n\u003cli\u003e\r\n\u003cdiv class=\"list-icon\"\u003e\u003cimg src=\"https://images.mamaearth.in/wysiwyg/ing-list/cerm.png\" alt=\"Bulgarian Rose\" /\u003e\u003c/div\u003e\r\n\u003cspan class=\"list-content\" style=\"text-align: justify;\"\u003e\u003cstrong\u003eCeramides:\u003c/strong\u003eRepair \u0026amp; strengthen skin barrier.\u003c/span\u003e\u003c/li\u003e\r\n\u003cli\u003e\r\n\u003cdiv class=\"list-icon\"\u003e\u003cimg src=\"https://images.mamaearth.in/wysiwyg/ing-list/blueberry.jpg\" alt=\"Niacinamide\" /\u003e\u003c/div\u003e\r\n\u003cspan class=\"list-content\" style=\"text-align: justify;\"\u003e\u003cstrong\u003eBlueberry Extract:\u003c/strong\u003eProtects skin from environmental damage\u003c/span\u003e\u003c/li\u003e\r\n\u003cli\u003e\r\n\u003cdiv class=\"list-icon\"\u003e\u003cimg src=\"https://images.mamaearth.in/wysiwyg/ing-list/glycerin.jpg\" alt=\"Niacinamide\" /\u003e\u003c/div\u003e\r\n\u003cspan class=\"list-content\" style=\"text-align: justify;\"\u003e\u003cstrong\u003eGlycerin:\u003c/strong\u003eLocks-in moisture.\u003c/span\u003e\u003c/li\u003e\r\n\u003c/ul\u003e\r\n\u003c/div\u003e"},{"attribute_code":"short_description","value":"\u003cp\u003e\u003cspan style=\"font-weight: 400;\"\u003eDemand more from your sunscreen because SPF alone won’t cut it. Pollution \u0026 harsh weather weaken your skin barrier too, causing irritation \u0026 damage. The solution? Chia Oil-Free Sunscreen, the ultimate skin protector that also gives you a hydrated glow!\u003c/span\u003e\u003c/p\u003e\r\n\u003cp\u003eCo-created with top dermatologists specifically for normal to oily skin types, this sunscreen goes beyond the basics. While it checks all the boxes for broad-spectrum UVA/UVB protection with its SPF 50 \u0026 PA++++ rating , it’s also a barrier-boosting, skin-loving powerhouse that keeps your skin safe, soft \u0026 healthy.\u003c/p\u003e\r\n\u003cp\u003eLoaded with Chia Seed, Ceramides, \u0026 Blueberry Extract, it’s everything your barrier dreams of. Chia Seeds give your skin a splash of hydration, while Ceramides strengthen your skin’s natural barrier, locking in moisture \u0026 keeping irritants out. And Blueberry Extract? Well, it’s your antioxidant warrior, fighting off free radicals and environmental stressors.\u003c/p\u003e\r\n\u003cp\u003eThis oil-free, super-light, fragrance-free sunscreen sinks right in for a fresh matte finish, minus the white cast. Sensitive \u0026 acne-prone skin, you just found your match!\u003c/p\u003e\r\n\u003cp\u003ePlus, it’s Made Safe Approved \u0026 free from  parabens, silicones, SLS/SLES, mineral oil, or artificial colors. So, why settle for just sun protection when you can have it all!\u003c/p\u003e"},{"attribute_code":"attribute_value_3","value":"\u003cul\u003e\r\n\u003cli\u003e\u003cspan class=\"list-content\"\u003e\u003cstrong\u003eStep 1 : \u003c/strong\u003eTake 2 fingers worth of sunscreen.\u003c/span\u003e\u003c/li\u003e\r\n\u003cli\u003e\u003cspan class=\"list-content\"\u003e\u003cstrong\u003eStep 2 : \u003c/strong\u003eApply on face, neck \u0026 sun exposed areas.\u003c/span\u003e\u003c/li\u003e\r\n\u003cli\u003e\u003cspan class=\"list-content\"\u003e\u003cstrong\u003eStep 3 : \u003c/strong\u003eReapply after every 2 hours.\u003c/span\u003e\u003c/li\u003e\r\n\u003c/ul\u003e"},{"attribute_code":"attribute_value_4","value":"\u003cul style=\"list-style: disc; padding-left: 1em;\"\u003e\r\n\u003cli\u003e\u003cspan class=\"list-content\"\u003eAnyone who’s 18 years \u0026amp; above \u003c/span\u003e\u003c/li\u003e\r\n\u003cli\u003e\u003cspan class=\"list-content\"\u003eSuitable for all skin types \u003c/span\u003e\u003c/li\u003e\r\n\u003c/ul\u003e"},{"attribute_code":"attribute_value_5","value":"\u003cul class=\"compare-list\"\u003e\r\n\u003cli\u003e\r\n\u003cdiv class=\"compare-content\"\u003e\r\n\u003cul\u003e\r\n\u003cli style=\"font-weight: 400;\" aria-level=\"1\"\u003e\u003cspan style=\"font-weight: 400;\"\u003eGive SPF 50 PA++++ broad spectrum protection\u003c/span\u003e\u003c/li\u003e\r\n\u003cli style=\"font-weight: 400;\" aria-level=\"1\"\u003e\u003cspan style=\"font-weight: 400;\"\u003eStrengthens skin barrier\u003c/span\u003e\u003c/li\u003e\r\n\u003cli style=\"font-weight: 400;\" aria-level=\"1\"\u003e\u003cspan style=\"font-weight: 400;\"\u003eDeeply hydrates\u003c/span\u003e\u003c/li\u003e\r\n\u003cli style=\"font-weight: 400;\" aria-level=\"1\"\u003e\u003cspan style=\"font-weight: 400;\"\u003eOil-free\u003c/span\u003e\u003c/li\u003e\r\n\u003cli style=\"font-weight: 400;\" aria-level=\"1\"\u003e\u003cspan style=\"font-weight: 400;\"\u003eLeaves no whitecast\u003c/span\u003e\u003c/li\u003e\r\n\u003cli style=\"font-weight: 400;\" aria-level=\"1\"\u003e\u003cspan style=\"font-weight: 400;\"\u003eFast absorbing\u003c/span\u003e\u003c/li\u003e\r\n\u003cli style=\"font-weight: 400;\" aria-level=\"1\"\u003e\u003cspan style=\"font-weight: 400;\"\u003eFragrance-free\u003c/span\u003e\u003c/li\u003e\r\n\u003cli style=\"font-weight: 400;\" aria-level=\"1\"\u003e\u003cspan style=\"font-weight: 400;\"\u003eNon-comedogenic\u003c/span\u003e\u003c/li\u003e\r\n\u003cli style=\"font-weight: 400;\" aria-level=\"1\"\u003e\u003cspan style=\"font-weight: 400;\"\u003eLeaves a fresh matte finish\u003c/span\u003e\u003c/li\u003e\r\n\u003cli style=\"font-weight: 400;\" aria-level=\"1\"\u003e\u003cspan style=\"font-weight: 400;\"\u003eSuits sensitive \u0026amp; acne prone skin as well\u003c/span\u003e\u003c/li\u003e\r\n\u003cli style=\"font-weight: 400;\" aria-level=\"1\"\u003e\u003cspan style=\"font-weight: 400;\"\u003eFree of toxins\u003c/span\u003e\u003c/li\u003e\r\n\u003cli style=\"font-weight: 400;\" aria-level=\"1\"\u003e\u003cspan style=\"font-weight: 400;\"\u003eMade Safe approved\u003c/span\u003e\u003c/li\u003e\r\n\u003c/ul\u003e\r\n\u003c/div\u003e\r\n\u003c/li\u003e\r\n\u003cli\u003e\r\n\u003cdiv class=\"compare-content\"\u003e\r\n\u003cul\u003e\r\n\u003cli style=\"font-weight: 400;\" aria-level=\"1\"\u003e\u003cspan style=\"font-weight: 400;\"\u003eDoesn’t give SPF 50 PA++++ broad spectrum protection\u003c/span\u003e\u003c/li\u003e\r\n\u003cli style=\"font-weight: 400;\" aria-level=\"1\"\u003e\u003cspan style=\"font-weight: 400;\"\u003eDoesn’t strengthen skin barrier\u003c/span\u003e\u003c/li\u003e\r\n\u003cli style=\"font-weight: 400;\" aria-level=\"1\"\u003e\u003cspan style=\"font-weight: 400;\"\u003eNot hydrating enough\u003c/span\u003e\u003c/li\u003e\r\n\u003cli style=\"font-weight: 400;\" aria-level=\"1\"\u003e\u003cspan style=\"font-weight: 400;\"\u003eContains oil\u003c/span\u003e\u003c/li\u003e\r\n\u003cli style=\"font-weight: 400;\" aria-level=\"1\"\u003e\u003cspan style=\"font-weight: 400;\"\u003eLeaves white cast\u003c/span\u003e\u003c/li\u003e\r\n\u003cli style=\"font-weight: 400;\" aria-level=\"1\"\u003e\u003cspan style=\"font-weight: 400;\"\u003eTakes time to absorb\u003c/span\u003e\u003c/li\u003e\r\n\u003cli style=\"font-weight: 400;\" aria-level=\"1\"\u003e\u003cspan style=\"font-weight: 400;\"\u003eContains fragrance\u003c/span\u003e\u003c/li\u003e\r\n\u003cli style=\"font-weight: 400;\" aria-level=\"1\"\u003e\u003cspan style=\"font-weight: 400;\"\u003eComedogenic\u003c/span\u003e\u003c/li\u003e\r\n\u003cli style=\"font-weight: 400;\" aria-level=\"1\"\u003e\u003cspan style=\"font-weight: 400;\"\u003eLeaves a greasy finish\u003c/span\u003e\u003c/li\u003e\r\n\u003cli style=\"font-weight: 400;\" aria-level=\"1\"\u003e\u003cspan style=\"font-weight: 400;\"\u003eDoesn’t suit sensitive \u0026amp; acne prone skin\u003c/span\u003e\u003c/li\u003e\r\n\u003cli style=\"font-weight: 400;\" aria-level=\"1\"\u003e\u003cspan style=\"font-weight: 400;\"\u003e Contains Toxins\u003c/span\u003e\u003c/li\u003e\r\n\u003cli style=\"font-weight: 400;\" aria-level=\"1\"\u003e\u003cspan style=\"font-weight: 400;\"\u003eNot made safe approved\u003c/span\u003e\u003c/li\u003e\r\n\u003c/ul\u003e\r\n\u003c/div\u003e\r\n\u003c/li\u003e\r\n\u003c/ul\u003e"},{"attribute_code":"attribute_value_6","value":"\u003ctable\u003e\r\n\u003ctbody\u003e\r\n\u003ctr\u003e\r\n\u003ctd\u003e\r\n\u003cp\u003e\u003cstrong\u003eIngredient\u003c/strong\u003e\u003c/p\u003e\r\n\u003c/td\u003e\r\n\u003ctd\u003e\r\n\u003cp\u003e\u003cstrong\u003eType\u003c/strong\u003e\u003c/p\u003e\r\n\u003c/td\u003e\r\n\u003ctd\u003e\r\n\u003cp\u003e\u003cstrong\u003eWhere’s It From\u003c/strong\u003e\u003c/p\u003e\r\n\u003c/td\u003e\r\n\u003ctd\u003e\r\n\u003cp\u003e\u003cstrong\u003eHow It Helps\u003c/strong\u003e\u003c/p\u003e\r\n\u003c/td\u003e\r\n\u003c/tr\u003e\r\n\u003ctr\u003e\r\n\u003ctd\u003e\r\n\u003cp\u003e\u003cspan style=\"font-weight: 400;\"\u003eChia Seed Water\u003c/span\u003e\u003c/p\u003e\r\n\u003c/td\u003e\r\n\u003ctd\u003e\r\n\u003cp\u003e\u003cspan style=\"font-weight: 400;\"\u003eNatural\u003c/span\u003e\u003c/p\u003e\r\n\u003c/td\u003e\r\n\u003ctd\u003e\r\n\u003cp\u003e\u003cspan style=\"font-weight: 400;\"\u003ePlant-Based\u003c/span\u003e\u003c/p\u003e\r\n\u003c/td\u003e\r\n\u003ctd\u003e\r\n\u003cp\u003e\u003cspan style=\"font-weight: 400;\"\u003eHydrating \u0026amp; Soothing\u003c/span\u003e\u003c/p\u003e\r\n\u003c/td\u003e\r\n\u003c/tr\u003e\r\n\u003ctr\u003e\r\n\u003ctd\u003e\r\n\u003cp\u003e\u003cspan style=\"font-weight: 400;\"\u003eGlycerin\u003c/span\u003e\u003c/p\u003e\r\n\u003c/td\u003e\r\n\u003ctd\u003e\r\n\u003cp\u003e\u003cspan style=\"font-weight: 400;\"\u003eNatural\u003c/span\u003e\u003c/p\u003e\r\n\u003c/td\u003e\r\n\u003ctd\u003e\r\n\u003cp\u003e\u003cspan style=\"font-weight: 400;\"\u003ePlant-Based\u003c/span\u003e\u003c/p\u003e\r\n\u003c/td\u003e\r\n\u003ctd\u003e\r\n\u003cp\u003e\u003cspan style=\"font-weight: 400;\"\u003eMoisturizing Agent\u003c/span\u003e\u003c/p\u003e\r\n\u003c/td\u003e\r\n\u003c/tr\u003e\r\n\u003ctr\u003e\r\n\u003ctd\u003e\r\n\u003cp\u003e\u003cspan style=\"font-weight: 400;\"\u003ePropylene Glycol\u003c/span\u003e\u003c/p\u003e\r\n\u003c/td\u003e\r\n\u003ctd\u003e\r\n\u003cp\u003e\u003cspan style=\"font-weight: 400;\"\u003eSynthetic\u003c/span\u003e\u003c/p\u003e\r\n\u003c/td\u003e\r\n\u003ctd\u003e\r\n\u003cp\u003e\u003cspan style=\"font-weight: 400;\"\u003ePlant-based\u003c/span\u003e\u003c/p\u003e\r\n\u003c/td\u003e\r\n\u003ctd\u003e\r\n\u003cp\u003e\u003cspan style=\"font-weight: 400;\"\u003eHumectant\u003c/span\u003e\u003c/p\u003e\r\n\u003c/td\u003e\r\n\u003c/tr\u003e\r\n\u003ctr\u003e\r\n\u003ctd\u003e\r\n\u003cp\u003e\u003cspan style=\"font-weight: 400;\"\u003eEthylhexyl Methoxycinnamate\u003c/span\u003e\u003c/p\u003e\r\n\u003c/td\u003e\r\n\u003ctd\u003e\r\n\u003cp\u003e\u003cspan style=\"font-weight: 400;\"\u003eSynthetic\u003c/span\u003e\u003c/p\u003e\r\n\u003c/td\u003e\r\n\u003ctd\u003e\r\n\u003cp\u003e\u003cspan style=\"font-weight: 400;\"\u003eLab-created\u003c/span\u003e\u003c/p\u003e\r\n\u003c/td\u003e\r\n\u003ctd\u003e\r\n\u003cp\u003e\u003cspan style=\"font-weight: 400;\"\u003eUVB protection\u003c/span\u003e\u003c/p\u003e\r\n\u003c/td\u003e\r\n\u003c/tr\u003e\r\n\u003ctr\u003e\r\n\u003ctd\u003e\r\n\u003cp\u003e\u003cspan style=\"font-weight: 400;\"\u003eButyl Methoxydibenzoylmethane\u003c/span\u003e\u003c/p\u003e\r\n\u003c/td\u003e\r\n\u003ctd\u003e\r\n\u003cp\u003e\u003cspan style=\"font-weight: 400;\"\u003eSynthetic\u003c/span\u003e\u003c/p\u003e\r\n\u003c/td\u003e\r\n\u003ctd\u003e\r\n\u003cp\u003e\u003cspan style=\"font-weight: 400;\"\u003eLab-created\u003c/span\u003e\u003c/p\u003e\r\n\u003c/td\u003e\r\n\u003ctd\u003e\r\n\u003cp\u003e\u003cspan style=\"font-weight: 400;\"\u003eUVA protection\u003c/span\u003e\u003c/p\u003e\r\n\u003c/td\u003e\r\n\u003c/tr\u003e\r\n\u003ctr\u003e\r\n\u003ctd\u003e\r\n\u003cp\u003e\u003cspan style=\"font-weight: 400;\"\u003ePhenylbenzimidazole Sulfonic Acid\u003c/span\u003e\u003c/p\u003e\r\n\u003c/td\u003e\r\n\u003ctd\u003e\r\n\u003cp\u003e\u003cspan style=\"font-weight: 400;\"\u003eSynthetic\u003c/span\u003e\u003c/p\u003e\r\n\u003c/td\u003e\r\n\u003ctd\u003e\r\n\u003cp\u003e\u003cspan style=\"font-weight: 400;\"\u003eLab-created\u003c/span\u003e\u003c/p\u003e\r\n\u003c/td\u003e\r\n\u003ctd\u003e\r\n\u003cp\u003e\u003cspan style=\"font-weight: 400;\"\u003eUVB protection\u003c/span\u003e\u003c/p\u003e\r\n\u003c/td\u003e\r\n\u003c/tr\u003e\r\n\u003ctr\u003e\r\n\u003ctd\u003e\r\n\u003cp\u003e\u003cspan style=\"font-weight: 400;\"\u003eTerephthalylidene Dicamphor Sulfonic Acid\u003c/span\u003e\u003c/p\u003e\r\n\u003c/td\u003e\r\n\u003ctd\u003e\r\n\u003cp\u003e\u003cspan style=\"font-weight: 400;\"\u003eSynthetic\u003c/span\u003e\u003c/p\u003e\r\n\u003c/td\u003e\r\n\u003ctd\u003e\r\n\u003cp\u003e\u003cspan style=\"font-weight: 400;\"\u003eLab-created\u003c/span\u003e\u003c/p\u003e\r\n\u003c/td\u003e\r\n\u003ctd\u003e\r\n\u003cp\u003e\u003cspan style=\"font-weight: 400;\"\u003eBroad-spectrum UV protection\u003c/span\u003e\u003c/p\u003e\r\n\u003c/td\u003e\r\n\u003c/tr\u003e\r\n\u003ctr\u003e\r\n\u003ctd\u003e\r\n\u003cp\u003e\u003cspan style=\"font-weight: 400;\"\u003eMethylene Bis-Benzotriazolyl Tetramethylbutylphenol\u003c/span\u003e\u003c/p\u003e\r\n\u003c/td\u003e\r\n\u003ctd\u003e\r\n\u003cp\u003e\u003cspan style=\"font-weight: 400;\"\u003eSynthetic\u003c/span\u003e\u003c/p\u003e\r\n\u003c/td\u003e\r\n\u003ctd\u003e\r\n\u003cp\u003e\u003cspan style=\"font-weight: 400;\"\u003eLab-created\u003c/span\u003e\u003c/p\u003e\r\n\u003c/td\u003e\r\n\u003ctd\u003e\r\n\u003cp\u003e\u003cspan style=\"font-weight: 400;\"\u003eUVA \u0026amp; UVB filtering with antioxidant properties\u003c/span\u003e\u003c/p\u003e\r\n\u003c/td\u003e\r\n\u003c/tr\u003e\r\n\u003ctr\u003e\r\n\u003ctd\u003e\r\n\u003cp\u003e\u003cspan style=\"font-weight: 400;\"\u003eDecyl Glucoside\u003c/span\u003e\u003c/p\u003e\r\n\u003c/td\u003e\r\n\u003ctd\u003e\r\n\u003cp\u003e\u003cspan style=\"font-weight: 400;\"\u003eNatural\u003c/span\u003e\u003c/p\u003e\r\n\u003c/td\u003e\r\n\u003ctd\u003e\r\n\u003cp\u003e\u003cspan style=\"font-weight: 400;\"\u003ePlant-Based\u003c/span\u003e\u003c/p\u003e\r\n\u003c/td\u003e\r\n\u003ctd\u003e\r\n\u003cp\u003e\u003cspan style=\"font-weight: 400;\"\u003eGentle Cleanser \u0026amp; Foaming Agent\u003c/span\u003e\u003c/p\u003e\r\n\u003c/td\u003e\r\n\u003c/tr\u003e\r\n\u003ctr\u003e\r\n\u003ctd\u003e\r\n\u003cp\u003e\u003cspan style=\"font-weight: 400;\"\u003eXanthan Gum\u003c/span\u003e\u003c/p\u003e\r\n\u003c/td\u003e\r\n\u003ctd\u003e\r\n\u003cp\u003e\u003cspan style=\"font-weight: 400;\"\u003eNatural\u003c/span\u003e\u003c/p\u003e\r\n\u003c/td\u003e\r\n\u003ctd\u003e\r\n\u003cp\u003e\u003cspan style=\"font-weight: 400;\"\u003ePlant-Based\u003c/span\u003e\u003c/p\u003e\r\n\u003c/td\u003e\r\n\u003ctd\u003e\r\n\u003cp\u003e\u003cspan style=\"font-weight: 400;\"\u003eStabilizer\u003c/span\u003e\u003c/p\u003e\r\n\u003c/td\u003e\r\n\u003c/tr\u003e\r\n\u003ctr\u003e\r\n\u003ctd\u003e\r\n\u003cp\u003e\u003cspan style=\"font-weight: 400;\"\u003eCaprylic/Capric Triglyceride\u003c/span\u003e\u003c/p\u003e\r\n\u003c/td\u003e\r\n\u003ctd\u003e\r\n\u003cp\u003e\u003cspan style=\"font-weight: 400;\"\u003eNatural\u003c/span\u003e\u003c/p\u003e\r\n\u003c/td\u003e\r\n\u003ctd\u003e\r\n\u003cp\u003e\u003cspan style=\"font-weight: 400;\"\u003ePlant-Based\u003c/span\u003e\u003c/p\u003e\r\n\u003c/td\u003e\r\n\u003ctd\u003e\r\n\u003cp\u003e\u003cspan style=\"font-weight: 400;\"\u003eEmollient\u003c/span\u003e\u003c/p\u003e\r\n\u003c/td\u003e\r\n\u003c/tr\u003e\r\n\u003ctr\u003e\r\n\u003ctd\u003e\r\n\u003cp\u003e\u003cspan style=\"font-weight: 400;\"\u003eTriethanolamine\u003c/span\u003e\u003c/p\u003e\r\n\u003c/td\u003e\r\n\u003ctd\u003e\r\n\u003cp\u003e\u003cspan style=\"font-weight: 400;\"\u003eSynthetic\u003c/span\u003e\u003c/p\u003e\r\n\u003c/td\u003e\r\n\u003ctd\u003e\r\n\u003cp\u003e\u003cspan style=\"font-weight: 400;\"\u003eLab-created\u003c/span\u003e\u003c/p\u003e\r\n\u003c/td\u003e\r\n\u003ctd\u003e\r\n\u003cp\u003e\u003cspan style=\"font-weight: 400;\"\u003epH balancer\u003c/span\u003e\u003c/p\u003e\r\n\u003c/td\u003e\r\n\u003c/tr\u003e\r\n\u003ctr\u003e\r\n\u003ctd\u003e\r\n\u003cp\u003e\u003cspan style=\"font-weight: 400;\"\u003eIsododecane\u003c/span\u003e\u003c/p\u003e\r\n\u003c/td\u003e\r\n\u003ctd\u003e\r\n\u003cp\u003e\u003cspan style=\"font-weight: 400;\"\u003eSynthetic\u003c/span\u003e\u003c/p\u003e\r\n\u003c/td\u003e\r\n\u003ctd\u003e\r\n\u003cp\u003e\u003cspan style=\"font-weight: 400;\"\u003eLab-created\u003c/span\u003e\u003c/p\u003e\r\n\u003c/td\u003e\r\n\u003ctd\u003e\r\n\u003cp\u003e\u003cspan style=\"font-weight: 400;\"\u003eEmollient\u003c/span\u003e\u003c/p\u003e\r\n\u003c/td\u003e\r\n\u003c/tr\u003e\r\n\u003ctr\u003e\r\n\u003ctd\u003e\r\n\u003cp\u003e\u003cspan style=\"font-weight: 400;\"\u003eTapioca Starch\u003c/span\u003e\u003c/p\u003e\r\n\u003c/td\u003e\r\n\u003ctd\u003e\r\n\u003cp\u003e\u003cspan style=\"font-weight: 400;\"\u003eNatural\u003c/span\u003e\u003c/p\u003e\r\n\u003c/td\u003e\r\n\u003ctd\u003e\r\n\u003cp\u003e\u003cspan style=\"font-weight: 400;\"\u003ePlant-Based\u003c/span\u003e\u003c/p\u003e\r\n\u003c/td\u003e\r\n\u003ctd\u003e\r\n\u003cp\u003e\u003cspan style=\"font-weight: 400;\"\u003eAbsorbs excess oil\u003c/span\u003e\u003c/p\u003e\r\n\u003c/td\u003e\r\n\u003c/tr\u003e\r\n\u003ctr\u003e\r\n\u003ctd\u003e\r\n\u003cp\u003e\u003cspan style=\"font-weight: 400;\"\u003eDicaprylyl Carbonate\u003c/span\u003e\u003c/p\u003e\r\n\u003c/td\u003e\r\n\u003ctd\u003e\r\n\u003cp\u003e\u003cspan style=\"font-weight: 400;\"\u003eSynthetic\u003c/span\u003e\u003c/p\u003e\r\n\u003c/td\u003e\r\n\u003ctd\u003e\r\n\u003cp\u003e\u003cspan style=\"font-weight: 400;\"\u003eLab-created\u003c/span\u003e\u003c/p\u003e\r\n\u003c/td\u003e\r\n\u003ctd\u003e\r\n\u003cp\u003e\u003cspan style=\"font-weight: 400;\"\u003eEmollient\u003c/span\u003e\u003c/p\u003e\r\n\u003c/td\u003e\r\n\u003c/tr\u003e\r\n\u003ctr\u003e\r\n\u003ctd\u003e\r\n\u003cp\u003e\u003cspan style=\"font-weight: 400;\"\u003eAmmonium Acryloyldimethyltaurate/VP Copolymer\u003c/span\u003e\u003c/p\u003e\r\n\u003c/td\u003e\r\n\u003ctd\u003e\r\n\u003cp\u003e\u003cspan style=\"font-weight: 400;\"\u003eSynthetic\u003c/span\u003e\u003c/p\u003e\r\n\u003c/td\u003e\r\n\u003ctd\u003e\r\n\u003cp\u003e\u003cspan style=\"font-weight: 400;\"\u003eLab-created\u003c/span\u003e\u003c/p\u003e\r\n\u003c/td\u003e\r\n\u003ctd\u003e\r\n\u003cp\u003e\u003cspan style=\"font-weight: 400;\"\u003eStabilizer\u003c/span\u003e\u003c/p\u003e\r\n\u003c/td\u003e\r\n\u003c/tr\u003e\r\n\u003ctr\u003e\r\n\u003ctd\u003e\r\n\u003cp\u003e\u003cspan style=\"font-weight: 400;\"\u003eCeramide Complex \u003c/span\u003e\u003c/p\u003e\r\n\u003c/td\u003e\r\n\u003ctd\u003e\r\n\u003cp\u003e\u003cspan style=\"font-weight: 400;\"\u003eNatural/Synthetic Blend\u003c/span\u003e\u003c/p\u003e\r\n\u003c/td\u003e\r\n\u003ctd\u003e\r\n\u003cp\u003e\u003cspan style=\"font-weight: 400;\"\u003eLab-Derived or Plant-Based\u003c/span\u003e\u003c/p\u003e\r\n\u003c/td\u003e\r\n\u003ctd\u003e\r\n\u003cp\u003e\u003cspan style=\"font-weight: 400;\"\u003eRestores Skin Barrier \u0026amp; Locks in Moisture\u003c/span\u003e\u003c/p\u003e\r\n\u003c/td\u003e\r\n\u003c/tr\u003e\r\n\u003ctr\u003e\r\n\u003ctd\u003e\r\n\u003cp\u003e\u003cspan style=\"font-weight: 400;\"\u003eEthylhexyl Salicylate\u003c/span\u003e\u003c/p\u003e\r\n\u003c/td\u003e\r\n\u003ctd\u003e\r\n\u003cp\u003e\u003cspan style=\"font-weight: 400;\"\u003eSynthetic\u003c/span\u003e\u003c/p\u003e\r\n\u003c/td\u003e\r\n\u003ctd\u003e\r\n\u003cp\u003e\u003cspan style=\"font-weight: 400;\"\u003eLab-created\u003c/span\u003e\u003c/p\u003e\r\n\u003c/td\u003e\r\n\u003ctd\u003e\r\n\u003cp\u003e\u003cspan style=\"font-weight: 400;\"\u003eUVB protection\u003c/span\u003e\u003c/p\u003e\r\n\u003c/td\u003e\r\n\u003c/tr\u003e\r\n\u003ctr\u003e\r\n\u003ctd\u003e\r\n\u003cp\u003e\u003cspan style=\"font-weight: 400;\"\u003eSalvia hispanica (Chia Seed) Extract\u003c/span\u003e\u003c/p\u003e\r\n\u003c/td\u003e\r\n\u003ctd\u003e\r\n\u003cp\u003e\u003cspan style=\"font-weight: 400;\"\u003eNatural\u003c/span\u003e\u003c/p\u003e\r\n\u003c/td\u003e\r\n\u003ctd\u003e\r\n\u003cp\u003e\u003cspan style=\"font-weight: 400;\"\u003ePlant-Based\u003c/span\u003e\u003c/p\u003e\r\n\u003c/td\u003e\r\n\u003ctd\u003e\r\n\u003cp\u003e\u003cspan style=\"font-weight: 400;\"\u003eMoisturizes \u0026amp; nourishes\u003c/span\u003e\u003c/p\u003e\r\n\u003c/td\u003e\r\n\u003c/tr\u003e\r\n\u003ctr\u003e\r\n\u003ctd\u003e\r\n\u003cp\u003e\u003cspan style=\"font-weight: 400;\"\u003ePolyester-7\u003c/span\u003e\u003c/p\u003e\r\n\u003c/td\u003e\r\n\u003ctd\u003e\r\n\u003cp\u003e\u003cspan style=\"font-weight: 400;\"\u003eSynthetic\u003c/span\u003e\u003c/p\u003e\r\n\u003c/td\u003e\r\n\u003ctd\u003e\r\n\u003cp\u003e\u003cspan style=\"font-weight: 400;\"\u003eLab-created\u003c/span\u003e\u003c/p\u003e\r\n\u003c/td\u003e\r\n\u003ctd\u003e\r\n\u003cp\u003e\u003cspan style=\"font-weight: 400;\"\u003eFilm-forming agent\u003c/span\u003e\u003c/p\u003e\r\n\u003c/td\u003e\r\n\u003c/tr\u003e\r\n\u003ctr\u003e\r\n\u003ctd\u003e\r\n\u003cp\u003e\u003cspan style=\"font-weight: 400;\"\u003eNeopentyl Glycol Diheptanoate\u003c/span\u003e\u003c/p\u003e\r\n\u003c/td\u003e\r\n\u003ctd\u003e\r\n\u003cp\u003e\u003cspan style=\"font-weight: 400;\"\u003eSynthetic\u003c/span\u003e\u003c/p\u003e\r\n\u003c/td\u003e\r\n\u003ctd\u003e\r\n\u003cp\u003e\u003cspan style=\"font-weight: 400;\"\u003eLab-created\u003c/span\u003e\u003c/p\u003e\r\n\u003c/td\u003e\r\n\u003ctd\u003e\r\n\u003cp\u003e\u003cspan style=\"font-weight: 400;\"\u003eEmollient\u003c/span\u003e\u003c/p\u003e\r\n\u003c/td\u003e\r\n\u003c/tr\u003e\r\n\u003ctr\u003e\r\n\u003ctd\u003e\r\n\u003cp\u003e\u003cspan style=\"font-weight: 400;\"\u003eCetearyl Alcohol\u003c/span\u003e\u003c/p\u003e\r\n\u003c/td\u003e\r\n\u003ctd\u003e\r\n\u003cp\u003e\u003cspan style=\"font-weight: 400;\"\u003eNatural\u003c/span\u003e\u003c/p\u003e\r\n\u003c/td\u003e\r\n\u003ctd\u003e\r\n\u003cp\u003e\u003cspan style=\"font-weight: 400;\"\u003ePlant-Based\u003c/span\u003e\u003c/p\u003e\r\n\u003c/td\u003e\r\n\u003ctd\u003e\r\n\u003cp\u003e\u003cspan style=\"font-weight: 400;\"\u003eEmollient\u003c/span\u003e\u003c/p\u003e\r\n\u003c/td\u003e\r\n\u003c/tr\u003e\r\n\u003ctr\u003e\r\n\u003ctd\u003e\r\n\u003cp\u003e\u003cspan style=\"font-weight: 400;\"\u003eCeteareth-20\u003c/span\u003e\u003c/p\u003e\r\n\u003c/td\u003e\r\n\u003ctd\u003e\r\n\u003cp\u003e\u003cspan style=\"font-weight: 400;\"\u003eSynthetic\u003c/span\u003e\u003c/p\u003e\r\n\u003c/td\u003e\r\n\u003ctd\u003e\r\n\u003cp\u003e\u003cspan style=\"font-weight: 400;\"\u003eLab-created\u003c/span\u003e\u003c/p\u003e\r\n\u003c/td\u003e\r\n\u003ctd\u003e\r\n\u003cp\u003e\u003cspan style=\"font-weight: 400;\"\u003eEmulsifier\u003c/span\u003e\u003c/p\u003e\r\n\u003c/td\u003e\r\n\u003c/tr\u003e\r\n\u003ctr\u003e\r\n\u003ctd\u003e\r\n\u003cp\u003e\u003cspan style=\"font-weight: 400;\"\u003eCetearyl Olivate\u003c/span\u003e\u003c/p\u003e\r\n\u003c/td\u003e\r\n\u003ctd\u003e\r\n\u003cp\u003e\u003cspan style=\"font-weight: 400;\"\u003eNatural\u003c/span\u003e\u003c/p\u003e\r\n\u003c/td\u003e\r\n\u003ctd\u003e\r\n\u003cp\u003e\u003cspan style=\"font-weight: 400;\"\u003ePlant-Based\u003c/span\u003e\u003c/p\u003e\r\n\u003c/td\u003e\r\n\u003ctd\u003e\r\n\u003cp\u003e\u003cspan style=\"font-weight: 400;\"\u003eEmulsifier\u003c/span\u003e\u003c/p\u003e\r\n\u003c/td\u003e\r\n\u003c/tr\u003e\r\n\u003ctr\u003e\r\n\u003ctd\u003e\r\n\u003cp\u003e\u003cspan style=\"font-weight: 400;\"\u003eSorbitan Olivate\u003c/span\u003e\u003c/p\u003e\r\n\u003c/td\u003e\r\n\u003ctd\u003e\r\n\u003cp\u003e\u003cspan style=\"font-weight: 400;\"\u003eNatural\u003c/span\u003e\u003c/p\u003e\r\n\u003c/td\u003e\r\n\u003ctd\u003e\r\n\u003cp\u003e\u003cspan style=\"font-weight: 400;\"\u003ePlant-Based\u003c/span\u003e\u003c/p\u003e\r\n\u003c/td\u003e\r\n\u003ctd\u003e\r\n\u003cp\u003e\u003cspan style=\"font-weight: 400;\"\u003eEmulsifier\u003c/span\u003e\u003c/p\u003e\r\n\u003c/td\u003e\r\n\u003c/tr\u003e\r\n\u003ctr\u003e\r\n\u003ctd\u003e\r\n\u003cp\u003e\u003cspan style=\"font-weight: 400;\"\u003eXylitylglucoside\u003c/span\u003e\u003c/p\u003e\r\n\u003c/td\u003e\r\n\u003ctd\u003e\r\n\u003cp\u003e\u003cspan style=\"font-weight: 400;\"\u003eNatural\u003c/span\u003e\u003c/p\u003e\r\n\u003c/td\u003e\r\n\u003ctd\u003e\r\n\u003cp\u003e\u003cspan style=\"font-weight: 400;\"\u003ePlant-Based\u003c/span\u003e\u003c/p\u003e\r\n\u003c/td\u003e\r\n\u003ctd\u003e\r\n\u003cp\u003e\u003cspan style=\"font-weight: 400;\"\u003eMoisturizer\u003c/span\u003e\u003c/p\u003e\r\n\u003c/td\u003e\r\n\u003c/tr\u003e\r\n\u003ctr\u003e\r\n\u003ctd\u003e\r\n\u003cp\u003e\u003cspan style=\"font-weight: 400;\"\u003eAnhydroxylitol\u003c/span\u003e\u003c/p\u003e\r\n\u003c/td\u003e\r\n\u003ctd\u003e\r\n\u003cp\u003e\u003cspan style=\"font-weight: 400;\"\u003eNatural\u003c/span\u003e\u003c/p\u003e\r\n\u003c/td\u003e\r\n\u003ctd\u003e\r\n\u003cp\u003e\u003cspan style=\"font-weight: 400;\"\u003ePlant-Based\u003c/span\u003e\u003c/p\u003e\r\n\u003c/td\u003e\r\n\u003ctd\u003e\r\n\u003cp\u003e\u003cspan style=\"font-weight: 400;\"\u003eHumectant\u003c/span\u003e\u003c/p\u003e\r\n\u003c/td\u003e\r\n\u003c/tr\u003e\r\n\u003ctr\u003e\r\n\u003ctd\u003e\r\n\u003cp\u003e\u003cspan style=\"font-weight: 400;\"\u003eXylitol\u003c/span\u003e\u003c/p\u003e\r\n\u003c/td\u003e\r\n\u003ctd\u003e\r\n\u003cp\u003e\u003cspan style=\"font-weight: 400;\"\u003eNatural\u003c/span\u003e\u003c/p\u003e\r\n\u003c/td\u003e\r\n\u003ctd\u003e\r\n\u003cp\u003e\u003cspan style=\"font-weight: 400;\"\u003ePlant-Based\u003c/span\u003e\u003c/p\u003e\r\n\u003c/td\u003e\r\n\u003ctd\u003e\r\n\u003cp\u003e\u003cspan style=\"font-weight: 400;\"\u003eMoisturizing \u0026amp; Antibacterial Properties\u003c/span\u003e\u003c/p\u003e\r\n\u003c/td\u003e\r\n\u003c/tr\u003e\r\n\u003ctr\u003e\r\n\u003ctd\u003e\r\n\u003cp\u003e\u003cspan style=\"font-weight: 400;\"\u003ePhenoxyethanol\u003c/span\u003e\u003c/p\u003e\r\n\u003c/td\u003e\r\n\u003ctd\u003e\r\n\u003cp\u003e\u003cspan style=\"font-weight: 400;\"\u003eSynthetic\u003c/span\u003e\u003c/p\u003e\r\n\u003c/td\u003e\r\n\u003ctd\u003e\r\n\u003cp\u003e\u003cspan style=\"font-weight: 400;\"\u003eLab-created\u003c/span\u003e\u003c/p\u003e\r\n\u003c/td\u003e\r\n\u003ctd\u003e\r\n\u003cp\u003e\u003cspan style=\"font-weight: 400;\"\u003ePreservative\u003c/span\u003e\u003c/p\u003e\r\n\u003c/td\u003e\r\n\u003c/tr\u003e\r\n\u003ctr\u003e\r\n\u003ctd\u003e\r\n\u003cp\u003e\u003cspan style=\"font-weight: 400;\"\u003eEthylhexylglycerin\u003c/span\u003e\u003c/p\u003e\r\n\u003c/td\u003e\r\n\u003ctd\u003e\r\n\u003cp\u003e\u003cspan style=\"font-weight: 400;\"\u003eSynthetic\u003c/span\u003e\u003c/p\u003e\r\n\u003c/td\u003e\r\n\u003ctd\u003e\r\n\u003cp\u003e\u003cspan style=\"font-weight: 400;\"\u003eLab-created\u003c/span\u003e\u003c/p\u003e\r\n\u003c/td\u003e\r\n\u003ctd\u003e\r\n\u003cp\u003e\u003cspan style=\"font-weight: 400;\"\u003eSkin conditioning agent\u003c/span\u003e\u003c/p\u003e\r\n\u003c/td\u003e\r\n\u003c/tr\u003e\r\n\u003ctr\u003e\r\n\u003ctd\u003e\r\n\u003cp\u003e\u003cspan style=\"font-weight: 400;\"\u003eGlyceryl Stearate\u003c/span\u003e\u003c/p\u003e\r\n\u003c/td\u003e\r\n\u003ctd\u003e\r\n\u003cp\u003e\u003cspan style=\"font-weight: 400;\"\u003eNatural\u003c/span\u003e\u003c/p\u003e\r\n\u003c/td\u003e\r\n\u003ctd\u003e\r\n\u003cp\u003e\u003cspan style=\"font-weight: 400;\"\u003ePlant-Based\u003c/span\u003e\u003c/p\u003e\r\n\u003c/td\u003e\r\n\u003ctd\u003e\r\n\u003cp\u003e\u003cspan style=\"font-weight: 400;\"\u003eEmulsifier\u003c/span\u003e\u003c/p\u003e\r\n\u003c/td\u003e\r\n\u003c/tr\u003e\r\n\u003ctr\u003e\r\n\u003ctd\u003e\r\n\u003cp\u003e\u003cspan style=\"font-weight: 400;\"\u003eVaccinium corymbosum (Blueberry) Extract\u003c/span\u003e\u003c/p\u003e\r\n\u003c/td\u003e\r\n\u003ctd\u003e\r\n\u003cp\u003e\u003cspan style=\"font-weight: 400;\"\u003eNatural\u003c/span\u003e\u003c/p\u003e\r\n\u003c/td\u003e\r\n\u003ctd\u003e\r\n\u003cp\u003e\u003cspan style=\"font-weight: 400;\"\u003ePlant-Based\u003c/span\u003e\u003c/p\u003e\r\n\u003c/td\u003e\r\n\u003ctd\u003e\r\n\u003cp\u003e\u003cspan style=\"font-weight: 400;\"\u003eAntioxidant\u003c/span\u003e\u003c/p\u003e\r\n\u003c/td\u003e\r\n\u003c/tr\u003e\r\n\u003ctr\u003e\r\n\u003ctd\u003e\r\n\u003cp\u003e\u003cspan style=\"font-weight: 400;\"\u003eSodium Polyacrylate\u003c/span\u003e\u003c/p\u003e\r\n\u003c/td\u003e\r\n\u003ctd\u003e\r\n\u003cp\u003e\u003cspan style=\"font-weight: 400;\"\u003eSynthetic\u003c/span\u003e\u003c/p\u003e\r\n\u003c/td\u003e\r\n\u003ctd\u003e\r\n\u003cp\u003e\u003cspan style=\"font-weight: 400;\"\u003eLab-created\u003c/span\u003e\u003c/p\u003e\r\n\u003c/td\u003e\r\n\u003ctd\u003e\r\n\u003cp\u003e\u003cspan style=\"font-weight: 400;\"\u003eSuper absorbent\u003c/span\u003e\u003c/p\u003e\r\n\u003c/td\u003e\r\n\u003c/tr\u003e\r\n\u003ctr\u003e\r\n\u003ctd\u003e\r\n\u003cp\u003e\u003cspan style=\"font-weight: 400;\"\u003eAllantoin\u003c/span\u003e\u003c/p\u003e\r\n\u003c/td\u003e\r\n\u003ctd\u003e\r\n\u003cp\u003e\u003cspan style=\"font-weight: 400;\"\u003eNatural\u003c/span\u003e\u003c/p\u003e\r\n\u003c/td\u003e\r\n\u003ctd\u003e\r\n\u003cp\u003e\u003cspan style=\"font-weight: 400;\"\u003ePlant-Based\u003c/span\u003e\u003c/p\u003e\r\n\u003c/td\u003e\r\n\u003ctd\u003e\r\n\u003cp\u003e\u003cspan style=\"font-weight: 400;\"\u003eSoothing, healing agent\u003c/span\u003e\u003c/p\u003e\r\n\u003c/td\u003e\r\n\u003c/tr\u003e\r\n\u003ctr\u003e\r\n\u003ctd\u003e\r\n\u003cp\u003e\u003cspan style=\"font-weight: 400;\"\u003eSodium Gluconate\u003c/span\u003e\u003c/p\u003e\r\n\u003c/td\u003e\r\n\u003ctd\u003e\r\n\u003cp\u003e\u003cspan style=\"font-weight: 400;\"\u003eNatural\u003c/span\u003e\u003c/p\u003e\r\n\u003c/td\u003e\r\n\u003ctd\u003e\r\n\u003cp\u003e\u003cspan style=\"font-weight: 400;\"\u003eGlucose\u003c/span\u003e\u003c/p\u003e\r\n\u003c/td\u003e\r\n\u003ctd\u003e\r\n\u003cp\u003e\u003cspan style=\"font-weight: 400;\"\u003eHumectant\u003c/span\u003e\u003c/p\u003e\r\n\u003c/td\u003e\r\n\u003c/tr\u003e\r\n\u003ctr\u003e\r\n\u003ctd\u003e\r\n\u003cp\u003e\u003cspan style=\"font-weight: 400;\"\u003ePentaerythrityl Tetra-Di-T-Butyl Hydroxyhydrocinnamate\u003c/span\u003e\u003c/p\u003e\r\n\u003c/td\u003e\r\n\u003ctd\u003e\r\n\u003cp\u003e\u003cspan style=\"font-weight: 400;\"\u003eSynthetic\u003c/span\u003e\u003c/p\u003e\r\n\u003c/td\u003e\r\n\u003ctd\u003e\r\n\u003cp\u003e\u003cspan style=\"font-weight: 400;\"\u003eLab-created\u003c/span\u003e\u003c/p\u003e\r\n\u003c/td\u003e\r\n\u003ctd\u003e\r\n\u003cp\u003e\u003cspan style=\"font-weight: 400;\"\u003eAntioxidant\u003c/span\u003e\u003c/p\u003e\r\n\u003c/td\u003e\r\n\u003c/tr\u003e\r\n\u003ctr\u003e\r\n\u003ctd\u003e\r\n\u003cp\u003e\u003cspan style=\"font-weight: 400;\"\u003eTocopherol Acetate\u003c/span\u003e\u003c/p\u003e\r\n\u003c/td\u003e\r\n\u003ctd\u003e\r\n\u003cp\u003e\u003cspan style=\"font-weight: 400;\"\u003eNatural\u003c/span\u003e\u003c/p\u003e\r\n\u003c/td\u003e\r\n\u003ctd\u003e\r\n\u003cp\u003e\u003cspan style=\"font-weight: 400;\"\u003ePlant-Based\u003c/span\u003e\u003c/p\u003e\r\n\u003c/td\u003e\r\n\u003ctd\u003e\r\n\u003cp\u003e\u003cspan style=\"font-weight: 400;\"\u003eAntioxidant\u003c/span\u003e\u003c/p\u003e\r\n\u003c/td\u003e\r\n\u003c/tr\u003e\r\n\u003c/tbody\u003e\r\n\u003c/table\u003e"},{"attribute_code":"attribute_value_7","value":"\u003cdiv id=\"faqs\"\u003e\r\n\u003cp\u003eWhat are the key benefits of the Chia Oil-Free Sunscreen?\u003c/p\u003e\r\n\u003cp\u003eOur Chia Oil-Free Sunscreen offers SPF 50 broad-spectrum protection with PA++++, blocking harmful UVA \u0026 UVB rays. Infused with Chia Seeds and Ceramides, it also hydrates, strengthens, and repairs your skin’s barrier.\u003c/p\u003e\r\n\u003cp\u003eHow often should I use the Chia Oil-Free Sunscreen?\u003c/p\u003e\r\n\u003cp\u003eFor best results, apply the Chia Oil-Free Sunscreen every morning, and reapply every 2 hours if you’re out in the sun. Its lightweight, fast-absorbing formula makes it perfect for daily use.\u003c/p\u003e\r\n\u003cp\u003eDoes the Chia Oil-Free Sunscreen leave my skin oily?\u003c/p\u003e\r\n\u003cp\u003eNo! The Chia Oil-Free Sunscreen is oil-free, lightweight, and non-greasy. It absorbs quickly, leaving your skin with a fresh, matte finish—perfect for normal to oily skin types.\u003c/p\u003e\r\n\u003cp\u003eIs This Sunscreen Suitable for Sensitive Skin?\u003c/p\u003e\r\n\u003cp\u003eAbsolutely! The Chia Oil-Free Sunscreen is fragrance-free, non-comedogenic, and clinically tested, making it ideal for sensitive and acne-prone skin. It’s toxin-free and free from parabens, sulfates, and silicones to ensure it’s safe and effective.\u003c/p\u003e\r\n\u003c/div\u003e"},{"attribute_code":"special_from_date","value":"2025-03-19 00:00:00"}],"hide_in_front":0,"image":"/1/_/1_131.jpg","imageAltTags":[],"is_in_stock":true,"name":"Chia Oil-Free Sunscreen with Chia Seed \u0026 Ceramides for Hydrated Glow \u0026 Sun Protection - 50g","position":"50","price":"399.00","product_card_tags":"SPF 50 \u0026 PA++++ | Co-Created With Top Dermats | Oil-Free Formula for Normal to Oily Skin | Healthy Skin Barrier","review_count":48,"sku":"8904417319590","special_price":"","special_price_from_date":{"date":"2025-03-19 05:30:00","timezone_type":3,"timezone":"Asia/Kolkata"},"tags":"new launch","url_key":"chia-oil-free-sunscreen-with-chia-seed-ceramides-for-healthy-skin-barrier-sun-protection-50g","product_subtitle_keys":["Buy 1 Get 1 FREE"," Hydrated Glow"," Tan Protection"," Sunscreen"," Chia Seed"," 50"],"configurable_option":{"attribute_id":342,"option_id":498,"attribute_label":"Chia_Sunscreen","title":"Oil Free (50g)","swatch_data":{"swatch_id":742,"option_id":498,"store_id":1,"type":0,"value":"Oil Free (50g)"}},"siblings":[{"id":1550,"sku":"8904417319286","name":"Chia Calming Sunscreen with Chia Seed \u0026 Ceramides for Hydrated Glow \u0026 Sun Protection - 50 g","url_key":"chia-calming-sunscreen-with-chia-seed-ceramides-for-healthy-skin-barrier-sun-protection-50-g","price":"399.00","is_in_stock":true,"custom_attributes":[{"attribute_code":"saving_scheme","value":"price_per_100_gm"},{"attribute_code":"volume","value":"50"}],"special_price":"","parent_id":1561,"attribute_id":342,"option_id":499,"parent_sku":"34567890678","attribute_label":"Chia_Sunscreen","title":"Calming (50g)","swatch_data":{"swatch_id":744,"option_id":499,"store_id":1,"type":0,"value":"Calming (50g)"},"special_from_date":{"date":"2025-03-04 05:30:00","timezone_type":3,"timezone":"Asia/Kolkata"}}],"size":"50g","unitPrice":"7.98/g","old_productid":"1548","generic_name":null},{"id":1557,"tier_prices":[],"avg_rating_percent":100,"categories":[2,5,45,57,84,180,207,352,97,380,386],"created_at":"2025-03-07 10:11:30","custom_attributes":[{"attribute_code":"manufacturer","value":"Kapco International Ltd, Plot No. 10-11, Sector 3, Parwanoo, Himachal Pradesh, India – 173220., VA Lifesciences LLP, Plot No. 9D, Sector - 2, Parwanoo, Himachal Pradesh, India - 173220. "},{"attribute_code":"meta_title","value":"Mamaearth Aloe Refresh Hydrating Body Lotion - 400 ml"},{"attribute_code":"meta_description","value":"Mamaearth Aloe Refresh Hydrating Body Lotion - 400 ml "},{"attribute_code":"image","value":"/1/_/1_110.jpg"},{"attribute_code":"small_image","value":"/1/_/1_110.jpg"},{"attribute_code":"thumbnail","value":"/1/_/1_110.jpg"},{"attribute_code":"options_container","value":"container2"},{"attribute_code":"country_of_manufacture","value":"IN"},{"attribute_code":"url_key","value":"mamaearth-aloe-refresh-hydrating-body-lotion-400-ml"},{"attribute_code":"msrp_display_actual_price_type","value":"0"},{"attribute_code":"gift_message_available","value":"2"},{"attribute_code":"swatch_image","value":"/1/_/1_110.jpg"},{"attribute_code":"attribute_label_1","value":"Results of Mamaearth Aloe Refresh Hydrating Body Lotion"},{"attribute_code":"attribute_label_2","value":"Key Ingredients"},{"attribute_code":"attribute_label_3","value":"How to Use"},{"attribute_code":"attribute_label_4","value":"Who can Use"},{"attribute_code":"attribute_label_5","value":"Why Mamaearth"},{"attribute_code":"attribute_label_6","value":"Ingredient List"},{"attribute_code":"attribute_label_7","value":"FAQs"},{"attribute_code":"best_before","value":"24 Months"},{"attribute_code":"dimensions","value":"10 * 5 * 5 cm"},{"attribute_code":"ean_code","value":"8904417320183"},{"attribute_code":"mrp","value":"469"},{"attribute_code":"old_productid","value":"1556"},{"attribute_code":"tags","value":"Best Seller"},{"attribute_code":"marketed_by","value":"Honasa Consumer Limited, 10th and 11th Floor, Capital Cyberscape, Sector 59, Gurugram, Haryana, 122101"},{"attribute_code":"live_url","value":"https://mamaearth.in/product/mamaearth-aloe-refresh-hydrating-body-lotion-400-ml"},{"attribute_code":"license_no","value":" M.: S-COS/10/19, M.: HIM/COS/20/305"},{"attribute_code":"google_category","value":"2915"},{"attribute_code":"cms_sequence","value":"1,2,3,4,5,6,7,8"},{"attribute_code":"width","value":"5"},{"attribute_code":"height","value":"5"},{"attribute_code":"breadcrumb_category","value":"57","title":"Body Lotion for Women \u0026 Men","url_key":"body-lotion"},{"attribute_code":"brand","value":"4"},{"attribute_code":"product_card_tags","value":"Gives Up to 48 Hrs Of Moisturization | For Soft Soothed Hydrated Skin | 100% Natural Aloe Vera | Made Safe Approved"},{"attribute_code":"saving_scheme","value":"price_per_100_ml"},{"attribute_code":"product_subtitle_keys","value":"Buy 1 Get 1 FREE, Body Lotion, Aloe Vera"},{"attribute_code":"is_suitable_for_skin_type","value":"463,464,465,466","label":"sensitive, dry, normal, oily"},{"attribute_code":"tax_class_id","value":"2"},{"attribute_code":"create_scarcity","value":"0"},{"attribute_code":"hide_product_infront","value":"0"},{"attribute_code":"show_in_feed","value":"1"},{"attribute_code":"base_category","value":"86"},{"attribute_code":"base_sub_category","value":"53"},{"attribute_code":"show_price_per_unit","value":"1"},{"attribute_code":"volume","value":"400"},{"attribute_code":"enable_fbt_popup","value":"0"},{"attribute_code":"enable_product_for_wa_commerce","value":"0"},{"attribute_code":"strikethrough","value":"0"},{"attribute_code":"daily_glow_body_lotion","value":"533"},{"attribute_code":"meta_keyword","value":"Mamaearth Aloe Refresh Hydrating Body Lotion - 400 ml"},{"attribute_code":"attribute_value_1","value":"\u003cdiv class=\"list-banner\"\u003e\u003cimg src=\"https://images.mamaearth.in/wysiwyg/All-Aplus/A%2B_bodylotion_aloe_200ml.jpg\" alt=\"Milky Soft Head to Toe Wash - 200ml\" /\u003e\r\n\u003cp style=\"text-align: center;\"\u003eAloe Refresh Hydrating Body Lotion - 200ml\u003c/p\u003e\r\n\u003c/div\u003e"},{"attribute_code":"attribute_value_2","value":"\u003cul class=\"woodmart-list\"\u003e\r\n\u003cli\u003e\r\n\u003cdiv class=\"list-icon\"\u003e\u003cimg src=\"https://images.mamaearth.in/wysiwyg/ing-list/aloe1.png\" alt=\"Baby Shampoo in India with Oats for hair growth\" /\u003e\u003c/div\u003e\r\n\u003cspan class=\"list-content\" style=\"text-align: justify;\"\u003e\u003cstrong\u003eAloe Vera:\u003c/strong\u003eSoothes and hydrates the skin, resulting in a soft and smooth texture.\u003c/span\u003e\u003c/li\u003e\r\n\u003cli\u003e\r\n\u003cdiv class=\"list-icon\"\u003e\u003cimg src=\"https://images.mamaearth.in/wysiwyg/ing-list/h1.png\" alt=\"Soft Shampoo for hair growth with Calendula\" /\u003e\u003c/div\u003e\r\n\u003cspan class=\"list-content\" style=\"text-align: justify;\"\u003e\u003cstrong\u003eHyaluronic Acid:\u003c/strong\u003e Boosts skin's hydration levels, helping it retain moisture throughout the day.\u003c/span\u003e\u003c/li\u003e\r\n\u003cli\u003e\r\n\u003cdiv class=\"list-icon\"\u003e\u003cimg src=\"https://images.mamaearth.in/wysiwyg/ing-list/glynew.png\" alt=\"Safest Baby Shampoo with Milk Prottein\" /\u003e\u003c/div\u003e\r\n\u003cspan class=\"list-content\" style=\"text-align: justify;\"\u003e\u003cstrong\u003eGlycerin: \u003c/strong\u003e Moisturizing ingredient that makes skin feel soft and smooth. \u003c/span\u003e\u003c/li\u003e\r\n\u003c/ul\u003e"},{"attribute_code":"short_description","value":"\u003cp\u003eOur classroom just got a whole lot cooler! Meet Aloe Refresh Hydrating Body Lotion, the latest addition to our class and it tops the cool quotient. It combines the soothing power of Aloe Vera to help your skin pass the hydration test with flying colors.\r\n\r\nAloe Vera makes sure the summer heat can’t put your skin under detention, while Hyaluronic Acid locks in moisture even during the hottest days. As a result, a cooling sensation wraps around your skin like a tight hug. But that’s not all. Being an overachiever, it goes way beyond summer care thanks to its 7-in-1 formula, providing up to 48H of moisturization. It strengthens and repairs skin, no matter the season. \r\n\r\nSticky skin?! What’s that? The non-greasy texture helps you score big on soft, refreshed skin. \r\n\r\nThe best part?  Made Safe Approved, our Aloe Refresh Hydrating Body Lotion promises a natural haven for nourished skin, banishing nasties like parabens, LLP, mineral oil and silicones. Simply pump, pamper, and glow!\r\n\u003c/p\u003e"},{"attribute_code":"attribute_value_3","value":"\u003cul\u003e\r\n\u003cli\u003e\u003cspan class=\"list-content\"\u003e\u003cstrong\u003eStep 1 : \u003c/strong\u003ePump out a generous amount of lotion.\u003c/span\u003e\u003c/li\u003e\r\n\u003cli\u003e\u003cspan class=\"list-content\"\u003e\u003cstrong\u003eStep 2 : \u003c/strong\u003e Massage onto the body in circular motions. \u003c/span\u003e\u003c/li\u003e\r\n\u003cli\u003e\u003cspan class=\"list-content\"\u003e\u003cstrong\u003eStep 3 : \u003c/strong\u003e Focus on dry areas like elbows, knees \u0026amp; heels.\u003c/span\u003e\u003c/li\u003e\r\n\u003cp\u003e \u003cstrong\u003eTip: \u003c/strong\u003eFor best results, use twice daily. \u003c/p\u003e\r\n\u003c/ul\u003e"},{"attribute_code":"attribute_value_4","value":"\u003cul style=\"list-style: disc; padding-left: 1em;\"\u003e\r\n\u003cli\u003e\u003cspan class=\"list-content\"\u003eAnyone who’s 18 years \u0026 above\u003c/span\u003e\u003c/li\u003e\r\n\u003cli\u003e\u003cspan class=\"list-content\"\u003eSuitable for all skin types, including dry skin type.\u003c/span\u003e\u003c/li\u003e\r\n\u003c/ul\u003e"},{"attribute_code":"attribute_value_6","value":"\u003ctable\u003e\r\n\u003ctbody\u003e\r\n\u003ctr\u003e\r\n\u003ctd\u003e\r\n\u003cp\u003e\u003cstrong\u003eIngredient\u003c/strong\u003e\u003c/p\u003e\r\n\u003c/td\u003e\r\n\u003ctd\u003e\r\n\u003cp\u003e\u003cstrong\u003eType\u003c/strong\u003e\u003c/p\u003e\r\n\u003c/td\u003e\r\n\u003ctd\u003e\r\n\u003cp\u003e\u003cstrong\u003eWhere Is It From\u003c/strong\u003e\u003c/p\u003e\r\n\u003c/td\u003e\r\n\u003ctd\u003e\r\n\u003cp\u003e\u003cstrong\u003eHow It Helps\u003c/strong\u003e\u003c/p\u003e\r\n\u003c/td\u003e\r\n\u003c/tr\u003e\r\n\u003ctr\u003e\r\n\u003ctd\u003e\r\n\u003cp\u003e\u003cspan style=\"font-weight: 400;\"\u003eAloe Vera\u003c/span\u003e\u003c/p\u003e\r\n\u003c/td\u003e\r\n\u003ctd\u003e\r\n\u003cp\u003e\u003cspan style=\"font-weight: 400;\"\u003eNatural\u003c/span\u003e\u003c/p\u003e\r\n\u003c/td\u003e\r\n\u003ctd\u003e\r\n\u003cp\u003e\u003cspan style=\"font-weight: 400;\"\u003ePlant-Based\u003c/span\u003e\u003c/p\u003e\r\n\u003c/td\u003e\r\n\u003ctd\u003e\u003cbr /\u003e\r\n\u003ctable\u003e\r\n\u003ctbody\u003e\r\n\u003ctr\u003e\r\n\u003ctd\u003e \u003c/td\u003e\r\n\u003c/tr\u003e\r\n\u003c/tbody\u003e\r\n\u003c/table\u003e\r\n\u003cbr /\u003e\r\n\u003ctable\u003e\r\n\u003ctbody\u003e\r\n\u003ctr\u003e\r\n\u003ctd\u003e\r\n\u003cp\u003e\u003cspan style=\"font-weight: 400;\"\u003eHumectant\u003c/span\u003e\u003c/p\u003e\r\n\u003c/td\u003e\r\n\u003c/tr\u003e\r\n\u003c/tbody\u003e\r\n\u003c/table\u003e\r\n\u003c/td\u003e\r\n\u003c/tr\u003e\r\n\u003ctr\u003e\r\n\u003ctd\u003e\r\n\u003cp\u003e\u003cspan style=\"font-weight: 400;\"\u003eGlycerin\u003c/span\u003e\u003c/p\u003e\r\n\u003c/td\u003e\r\n\u003ctd\u003e\r\n\u003cp\u003e\u003cspan style=\"font-weight: 400;\"\u003eNatural\u003c/span\u003e\u003c/p\u003e\r\n\u003c/td\u003e\r\n\u003ctd\u003e\r\n\u003cp\u003e\u003cspan style=\"font-weight: 400;\"\u003ePlant-Based\u003c/span\u003e\u003c/p\u003e\r\n\u003c/td\u003e\r\n\u003ctd\u003e\r\n\u003cp\u003e\u003cspan style=\"font-weight: 400;\"\u003eHumectant\u003c/span\u003e\u003c/p\u003e\r\n\u003c/td\u003e\r\n\u003c/tr\u003e\r\n\u003ctr\u003e\r\n\u003ctd\u003e\r\n\u003cp\u003e\u003cspan style=\"font-weight: 400;\"\u003eIsopropyl Palmitate\u003c/span\u003e\u003c/p\u003e\r\n\u003c/td\u003e\r\n\u003ctd\u003e\r\n\u003cp\u003e\u003cspan style=\"font-weight: 400;\"\u003eSynthetic\u003c/span\u003e\u003c/p\u003e\r\n\u003ctable\u003e\r\n\u003ctbody\u003e\r\n\u003ctr\u003e\r\n\u003ctd\u003e \u003c/td\u003e\r\n\u003c/tr\u003e\r\n\u003c/tbody\u003e\r\n\u003c/table\u003e\r\n\u003cbr /\u003e\r\n\u003ctable\u003e\r\n\u003ctbody\u003e\r\n\u003ctr\u003e\r\n\u003ctd\u003e \u003c/td\u003e\r\n\u003c/tr\u003e\r\n\u003c/tbody\u003e\r\n\u003c/table\u003e\r\n\u003c/td\u003e\r\n\u003ctd\u003e\r\n\u003cp\u003e\u003cspan style=\"font-weight: 400;\"\u003ePlant-Based\u003c/span\u003e\u003c/p\u003e\r\n\u003c/td\u003e\r\n\u003ctd\u003e\r\n\u003cp\u003e\u003cspan style=\"font-weight: 400;\"\u003eEmollient\u003c/span\u003e\u003c/p\u003e\r\n\u003c/td\u003e\r\n\u003c/tr\u003e\r\n\u003ctr\u003e\r\n\u003ctd\u003e\r\n\u003cp\u003e\u003cspan style=\"font-weight: 400;\"\u003eCaprylic/Capric Triglyceride\u003c/span\u003e\u003c/p\u003e\r\n\u003c/td\u003e\r\n\u003ctd\u003e\r\n\u003cp\u003e\u003cspan style=\"font-weight: 400;\"\u003eNatural\u003c/span\u003e\u003c/p\u003e\r\n\u003c/td\u003e\r\n\u003ctd\u003e\r\n\u003cp\u003e\u003cspan style=\"font-weight: 400;\"\u003ePlant-based\u003c/span\u003e\u003c/p\u003e\r\n\u003c/td\u003e\r\n\u003ctd\u003e\r\n\u003cp\u003e\u003cspan style=\"font-weight: 400;\"\u003eEmollient \u003c/span\u003e\u003c/p\u003e\r\n\u003c/td\u003e\r\n\u003c/tr\u003e\r\n\u003ctr\u003e\r\n\u003ctd\u003e\r\n\u003cp\u003e\u003cspan style=\"font-weight: 400;\"\u003eGlyceryl Stearate\u003c/span\u003e\u003c/p\u003e\r\n\u003c/td\u003e\r\n\u003ctd\u003e\r\n\u003cp\u003e\u003cspan style=\"font-weight: 400;\"\u003eNatural \u003c/span\u003e\u003c/p\u003e\r\n\u003c/td\u003e\r\n\u003ctd\u003e\r\n\u003cp\u003e\u003cspan style=\"font-weight: 400;\"\u003ePlant-based \u003c/span\u003e\u003c/p\u003e\r\n\u003c/td\u003e\r\n\u003ctd\u003e\r\n\u003cp\u003e\u003cspan style=\"font-weight: 400;\"\u003eEmulsifier \u003c/span\u003e\u003c/p\u003e\r\n\u003c/td\u003e\r\n\u003c/tr\u003e\r\n\u003ctr\u003e\r\n\u003ctd\u003e\r\n\u003cp\u003e\u003cspan style=\"font-weight: 400;\"\u003eGlyceryl Glucoside\u003c/span\u003e\u003c/p\u003e\r\n\u003c/td\u003e\r\n\u003ctd\u003e\r\n\u003cp\u003e\u003cspan style=\"font-weight: 400;\"\u003eNatural\u003c/span\u003e\u003c/p\u003e\r\n\u003c/td\u003e\r\n\u003ctd\u003e\r\n\u003cp\u003e\u003cspan style=\"font-weight: 400;\"\u003ePlant-based\u003c/span\u003e\u003c/p\u003e\r\n\u003c/td\u003e\r\n\u003ctd\u003e\r\n\u003cp\u003e\u003cspan style=\"font-weight: 400;\"\u003eHumectant \u003c/span\u003e\u003c/p\u003e\r\n\u003c/td\u003e\r\n\u003c/tr\u003e\r\n\u003ctr\u003e\r\n\u003ctd\u003e\r\n\u003cp\u003e\u003cspan style=\"font-weight: 400;\"\u003eHyaluronic Acid\u003c/span\u003e\u003c/p\u003e\r\n\u003c/td\u003e\r\n\u003ctd\u003e\r\n\u003cp\u003e\u003cspan style=\"font-weight: 400;\"\u003eSynthetic \u003c/span\u003e\u003c/p\u003e\r\n\u003c/td\u003e\r\n\u003ctd\u003e\r\n\u003cp\u003e\u003cspan style=\"font-weight: 400;\"\u003eLab-Synthesized \u003c/span\u003e\u003c/p\u003e\r\n\u003c/td\u003e\r\n\u003ctd\u003e\r\n\u003cp\u003e\u003cspan style=\"font-weight: 400;\"\u003eHumectant\u003c/span\u003e\u003c/p\u003e\r\n\u003c/td\u003e\r\n\u003c/tr\u003e\r\n\u003ctr\u003e\r\n\u003ctd\u003e\r\n\u003cp\u003e\u003cspan style=\"font-weight: 400;\"\u003eAloe Barbadensis Leaf Extract\u003c/span\u003e\u003c/p\u003e\r\n\u003c/td\u003e\r\n\u003ctd\u003e\r\n\u003cp\u003e\u003cspan style=\"font-weight: 400;\"\u003eNatural\u003c/span\u003e\u003c/p\u003e\r\n\u003c/td\u003e\r\n\u003ctd\u003e\r\n\u003cp\u003e\u003cspan style=\"font-weight: 400;\"\u003ePlant-based\u003c/span\u003e\u003c/p\u003e\r\n\u003c/td\u003e\r\n\u003ctd\u003e\r\n\u003cp\u003e\u003cspan style=\"font-weight: 400;\"\u003eHumectant \u003c/span\u003e\u003c/p\u003e\r\n\u003c/td\u003e\r\n\u003c/tr\u003e\r\n\u003ctr\u003e\r\n\u003ctd\u003e\r\n\u003cp\u003e\u003cspan style=\"font-weight: 400;\"\u003eIFRA Certified Fragrance\u003c/span\u003e\u003c/p\u003e\r\n\u003c/td\u003e\r\n\u003ctd\u003e\r\n\u003cp\u003e\u003cspan style=\"font-weight: 400;\"\u003eSynthetic \u003c/span\u003e\u003c/p\u003e\r\n\u003c/td\u003e\r\n\u003ctd\u003e\r\n\u003cp\u003e\u003cspan style=\"font-weight: 400;\"\u003eLab-Synthesized \u003c/span\u003e\u003c/p\u003e\r\n\u003c/td\u003e\r\n\u003ctd\u003e\r\n\u003cp\u003e\u003cspan style=\"font-weight: 400;\"\u003eFragrance Compund\u003c/span\u003e\u003c/p\u003e\r\n\u003c/td\u003e\r\n\u003c/tr\u003e\r\n\u003ctr\u003e\r\n\u003ctd\u003e\r\n\u003cp\u003e\u003cspan style=\"font-weight: 400;\"\u003ePhenoxyethanol\u003c/span\u003e\u003c/p\u003e\r\n\u003c/td\u003e\r\n\u003ctd\u003e\r\n\u003cp\u003e\u003cspan style=\"font-weight: 400;\"\u003eSynthetic\u003c/span\u003e\u003c/p\u003e\r\n\u003c/td\u003e\r\n\u003ctd\u003e\r\n\u003cp\u003e\u003cspan style=\"font-weight: 400;\"\u003eLab Synthesized\u003c/span\u003e\u003c/p\u003e\r\n\u003c/td\u003e\r\n\u003ctd\u003e\r\n\u003cp\u003e\u003cspan style=\"font-weight: 400;\"\u003ePreservative \u003c/span\u003e\u003c/p\u003e\r\n\u003c/td\u003e\r\n\u003c/tr\u003e\r\n\u003ctr\u003e\r\n\u003ctd\u003e\r\n\u003cp\u003e\u003cspan style=\"font-weight: 400;\"\u003eEthylhexylglycerin\u003c/span\u003e\u003c/p\u003e\r\n\u003c/td\u003e\r\n\u003ctd\u003e\r\n\u003cp\u003e\u003cspan style=\"font-weight: 400;\"\u003eSynthetic\u003c/span\u003e\u003c/p\u003e\r\n\u003c/td\u003e\r\n\u003ctd\u003e\r\n\u003cp\u003e\u003cspan style=\"font-weight: 400;\"\u003eLab Synthesized\u003c/span\u003e\u003c/p\u003e\r\n\u003c/td\u003e\r\n\u003ctd\u003e\r\n\u003cp\u003e\u003cspan style=\"font-weight: 400;\"\u003ePreservative\u003c/span\u003e\u003c/p\u003e\r\n\u003c/td\u003e\r\n\u003c/tr\u003e\r\n\u003ctr\u003e\r\n\u003ctd\u003e\r\n\u003cp\u003e\u003cspan style=\"font-weight: 400;\"\u003eCetostearyl Alcohol\u003c/span\u003e\u003c/p\u003e\r\n\u003c/td\u003e\r\n\u003ctd\u003e\r\n\u003cp\u003e\u003cspan style=\"font-weight: 400;\"\u003eSynthetic \u003c/span\u003e\u003c/p\u003e\r\n\u003c/td\u003e\r\n\u003ctd\u003e\r\n\u003cp\u003e\u003cspan style=\"font-weight: 400;\"\u003eLab Synthesized \u003c/span\u003e\u003c/p\u003e\r\n\u003c/td\u003e\r\n\u003ctd\u003e\r\n\u003cp\u003e\u003cspan style=\"font-weight: 400;\"\u003eEmollient\u003c/span\u003e\u003c/p\u003e\r\n\u003c/td\u003e\r\n\u003c/tr\u003e\r\n\u003ctr\u003e\r\n\u003ctd\u003e\r\n\u003cp\u003e\u003cspan style=\"font-weight: 400;\"\u003eButyrospermum Parkii (Shea) Butter\u003c/span\u003e\u003c/p\u003e\r\n\u003c/td\u003e\r\n\u003ctd\u003e\r\n\u003cp\u003e\u003cspan style=\"font-weight: 400;\"\u003eNatural\u003c/span\u003e\u003c/p\u003e\r\n\u003c/td\u003e\r\n\u003ctd\u003e\r\n\u003cp\u003e\u003cspan style=\"font-weight: 400;\"\u003ePlant-based\u003c/span\u003e\u003c/p\u003e\r\n\u003c/td\u003e\r\n\u003ctd\u003e\r\n\u003cp\u003e\u003cspan style=\"font-weight: 400;\"\u003eEmollient\u003c/span\u003e\u003c/p\u003e\r\n\u003c/td\u003e\r\n\u003c/tr\u003e\r\n\u003ctr\u003e\r\n\u003ctd\u003e\r\n\u003cp\u003e\u003cspan style=\"font-weight: 400;\"\u003eCeteareth-20\u003c/span\u003e\u003c/p\u003e\r\n\u003c/td\u003e\r\n\u003ctd\u003e\r\n\u003cp\u003e\u003cspan style=\"font-weight: 400;\"\u003eSynthetic \u003c/span\u003e\u003c/p\u003e\r\n\u003c/td\u003e\r\n\u003ctd\u003e\r\n\u003cp\u003e\u003cspan style=\"font-weight: 400;\"\u003eLab synthesized\u003c/span\u003e\u003c/p\u003e\r\n\u003c/td\u003e\r\n\u003ctd\u003e\r\n\u003cp\u003e\u003cspan style=\"font-weight: 400;\"\u003eEmulsifier \u003c/span\u003e\u003c/p\u003e\r\n\u003c/td\u003e\r\n\u003c/tr\u003e\r\n\u003ctr\u003e\r\n\u003ctd\u003e\r\n\u003cp\u003e\u003cspan style=\"font-weight: 400;\"\u003eEthyl Ascorbic Acid Complex \u003c/span\u003e\u003c/p\u003e\r\n\u003c/td\u003e\r\n\u003ctd\u003e\r\n\u003cp\u003e\u003cspan style=\"font-weight: 400;\"\u003eSynthetic\u003c/span\u003e\u003c/p\u003e\r\n\u003c/td\u003e\r\n\u003ctd\u003e\r\n\u003cp\u003e\u003cspan style=\"font-weight: 400;\"\u003eLab synthesized\u003c/span\u003e\u003c/p\u003e\r\n\u003c/td\u003e\r\n\u003ctd\u003e\r\n\u003cp\u003e\u003cspan style=\"font-weight: 400;\"\u003eAnti Oxidant\u003c/span\u003e\u003c/p\u003e\r\n\u003c/td\u003e\r\n\u003c/tr\u003e\r\n\u003ctr\u003e\r\n\u003ctd\u003e\r\n\u003cp\u003e\u003cspan style=\"font-weight: 400;\"\u003eCarbomer\u003c/span\u003e\u003c/p\u003e\r\n\u003c/td\u003e\r\n\u003ctd\u003e\r\n\u003cp\u003e\u003cspan style=\"font-weight: 400;\"\u003eSynthetic\u003c/span\u003e\u003c/p\u003e\r\n\u003c/td\u003e\r\n\u003ctd\u003e\r\n\u003cp\u003e\u003cspan style=\"font-weight: 400;\"\u003ePlant-based \u003c/span\u003e\u003c/p\u003e\r\n\u003c/td\u003e\r\n\u003ctd\u003e\r\n\u003cp\u003e\u003cspan style=\"font-weight: 400;\"\u003eThickening agent\u003c/span\u003e\u003c/p\u003e\r\n\u003c/td\u003e\r\n\u003c/tr\u003e\r\n\u003ctr\u003e\r\n\u003ctd\u003e\r\n\u003cp\u003e\u003cspan style=\"font-weight: 400;\"\u003ePanthenol\u003c/span\u003e\u003c/p\u003e\r\n\u003c/td\u003e\r\n\u003ctd\u003e\r\n\u003cp\u003e\u003cspan style=\"font-weight: 400;\"\u003eNatural \u003c/span\u003e\u003c/p\u003e\r\n\u003c/td\u003e\r\n\u003ctd\u003e\r\n\u003cp\u003e\u003cspan style=\"font-weight: 400;\"\u003ePlant-based\u003c/span\u003e\u003c/p\u003e\r\n\u003c/td\u003e\r\n\u003ctd\u003e\r\n\u003cp\u003e\u003cspan style=\"font-weight: 400;\"\u003eHumectant \u003c/span\u003e\u003c/p\u003e\r\n\u003c/td\u003e\r\n\u003c/tr\u003e\r\n\u003ctr\u003e\r\n\u003ctd\u003e\r\n\u003cp\u003e\u003cspan style=\"font-weight: 400;\"\u003eMenthyl Lactate\u003c/span\u003e\u003c/p\u003e\r\n\u003c/td\u003e\r\n\u003ctd\u003e\r\n\u003cp\u003e\u003cspan style=\"font-weight: 400;\"\u003eSynthetic\u003c/span\u003e\u003c/p\u003e\r\n\u003c/td\u003e\r\n\u003ctd\u003e\r\n\u003cp\u003e\u003cspan style=\"font-weight: 400;\"\u003eLab-synthesized\u003c/span\u003e\u003c/p\u003e\r\n\u003c/td\u003e\r\n\u003ctd\u003e\r\n\u003cp\u003e\u003cspan style=\"font-weight: 400;\"\u003eCooling Agent \u003c/span\u003e\u003c/p\u003e\r\n\u003c/td\u003e\r\n\u003c/tr\u003e\r\n\u003ctr\u003e\r\n\u003ctd\u003e\r\n\u003cp\u003e\u003cspan style=\"font-weight: 400;\"\u003eSodium Gluconate\u003c/span\u003e\u003c/p\u003e\r\n\u003c/td\u003e\r\n\u003ctd\u003e\r\n\u003cp\u003e\u003cspan style=\"font-weight: 400;\"\u003eNatural \u003c/span\u003e\u003c/p\u003e\r\n\u003c/td\u003e\r\n\u003ctd\u003e\r\n\u003cp\u003e\u003cspan style=\"font-weight: 400;\"\u003ePlant-Based \u003c/span\u003e\u003c/p\u003e\r\n\u003c/td\u003e\r\n\u003ctd\u003e\r\n\u003cp\u003e\u003cspan style=\"font-weight: 400;\"\u003eChelating Agent \u003c/span\u003e\u003c/p\u003e\r\n\u003c/td\u003e\r\n\u003c/tr\u003e\r\n\u003ctr\u003e\r\n\u003ctd\u003e\r\n\u003cp\u003e\u003cspan style=\"font-weight: 400;\"\u003eSodium Hydroxide\u003c/span\u003e\u003c/p\u003e\r\n\u003c/td\u003e\r\n\u003ctd\u003e\r\n\u003cp\u003e\u003cspan style=\"font-weight: 400;\"\u003eSynthetic\u003c/span\u003e\u003c/p\u003e\r\n\u003c/td\u003e\r\n\u003ctd\u003e\r\n\u003cp\u003e\u003cspan style=\"font-weight: 400;\"\u003eLab synthesized\u003c/span\u003e\u003c/p\u003e\r\n\u003c/td\u003e\r\n\u003ctd\u003e\u003cbr /\u003e\r\n\u003ctable\u003e\r\n\u003ctbody\u003e\r\n\u003ctr\u003e\r\n\u003ctd\u003e \u003c/td\u003e\r\n\u003c/tr\u003e\r\n\u003c/tbody\u003e\r\n\u003c/table\u003e\r\n\u003cbr /\u003e\r\n\u003ctable\u003e\r\n\u003ctbody\u003e\r\n\u003ctr\u003e\r\n\u003ctd\u003e\r\n\u003cp\u003e\u003cspan style=\"font-weight: 400;\"\u003epH Adjuster\u003c/span\u003e\u003c/p\u003e\r\n\u003c/td\u003e\r\n\u003c/tr\u003e\r\n\u003c/tbody\u003e\r\n\u003c/table\u003e\r\n\u003c/td\u003e\r\n\u003c/tr\u003e\r\n\u003c/tbody\u003e\r\n\u003c/table\u003e"},{"attribute_code":"attribute_value_7","value":"\u003cdiv id=\"faqs\"\u003e\r\n\u003cp\u003eWill This Treat My Extremely Dry Skin?\u003c/p\u003e\r\n\u003cp\u003eAbsolutely. Mamaearth Aloe Refresh Hydrating Body Lotion intensely nourishes skin, giving up to 48 hours of moisturization.\u003c/p\u003e\r\n\u003cp\u003eWill It Suit My Sensitive Skin?\u003c/p\u003e\r\n\u003cp\u003eFor hypersensitive skin, we recommend doing a patch test behind the ears, 48 hours before using this body lotion.\u003c/p\u003e\r\n\u003cp\u003eCan I Use It On My Face?\u003c/p\u003e\r\n\u003cp\u003eNo. This lotion is specially designed for your body so we wouldn’t recommend this for your face. However, you can explore our range of moisturizers for your face.\u003c/p\u003e\r\n\u003cp\u003eHow Often Should I Use It?\u003c/p\u003e\r\n\u003cp\u003eYou can use it twice everyday for desired results.\u003c/p\u003e\r\n\u003c/div\u003e"},{"attribute_code":"attribute_value_5","value":"\u003cul class=\"compare-list\"\u003e\r\n\u003cli\u003e\r\n\u003cdiv class=\"compare-content\"\u003e\r\n\u003cul\u003e\r\n\u003cli style=\"font-weight: 400;\" aria-level=\"1\"\u003e\u003cspan style=\"font-weight: 400;\"\u003eIntensely Moisturizes\u003c/span\u003e\u003c/li\u003e\r\n\u003cli style=\"font-weight: 400;\" aria-level=\"1\"\u003e\u003cspan style=\"font-weight: 400;\"\u003eProvides Long-lasting Hydration\u003c/span\u003e\u003c/li\u003e\r\n\u003cli style=\"font-weight: 400;\" aria-level=\"1\"\u003e\u003cspan style=\"font-weight: 400;\"\u003eMakes Skin Glow\u003c/span\u003e\u003c/li\u003e\r\n\u003cli style=\"font-weight: 400;\" aria-level=\"1\"\u003e\u003cspan style=\"font-weight: 400;\"\u003eCrafted with Natural Ingredients\u003c/span\u003e\u003c/li\u003e\r\n\u003cli style=\"font-weight: 400;\" aria-level=\"1\"\u003e\u003cspan style=\"font-weight: 400;\"\u003eMade Safe Approved\u003c/span\u003e\u003c/li\u003e\r\n\u003cli style=\"font-weight: 400;\" aria-level=\"1\"\u003e\u003cspan style=\"font-weight: 400;\"\u003eSuitable For All Skin Types\u003c/span\u003e\u003c/li\u003e\r\n\u003cli style=\"font-weight: 400;\" aria-level=\"1\"\u003e\u003cspan style=\"font-weight: 400;\"\u003eDermatologically Tested\u003c/span\u003e\u003c/li\u003e\r\n\u003cli style=\"font-weight: 400;\" aria-level=\"1\"\u003e\u003cspan style=\"font-weight: 400;\"\u003eCruelty-Free\u003c/span\u003e\u003c/li\u003e\r\n\u003cli style=\"font-weight: 400;\" aria-level=\"1\"\u003e\u003cspan style=\"font-weight: 400;\"\u003eToxin-Free \u0026amp; No Harmful Chemicals\u003c/span\u003e\u003c/li\u003e\r\n\u003cli style=\"font-weight: 400;\" aria-level=\"1\"\u003e\u003cspan style=\"font-weight: 400;\"\u003eMade with 100% natural aloe vera\u003c/span\u003e\u003c/li\u003e\r\n\u003cli style=\"font-weight: 400;\" aria-level=\"1\"\u003e\u003cspan style=\"font-weight: 400;\"\u003eFree from Paraben, LLP, Mineral Oil \u0026amp; Silicones\u003c/span\u003e\u003c/li\u003e\r\n\u003cli style=\"font-weight: 400;\" aria-level=\"1\"\u003e\u003cspan style=\"font-weight: 400;\"\u003eIt gives soft \u0026amp; smooth skin.\u003c/span\u003e\u003c/li\u003e\r\n\u003cli style=\"font-weight: 400;\" aria-level=\"1\"\u003e\u003cspan style=\"font-weight: 400;\"\u003eIt is a lightweight and non-sticky\u003c/span\u003e\u003c/li\u003e\r\n\u003cli style=\"font-weight: 400;\" aria-level=\"1\"\u003e\u003cspan style=\"font-weight: 400;\"\u003e7-in-1 total care\u003c/span\u003e\u003c/li\u003e\r\n\u003c/ul\u003e\r\n\u003c/div\u003e\r\n\u003c/li\u003e\r\n\u003cli\u003e\r\n\u003cdiv class=\"compare-content\"\u003e\r\n\u003cul\u003e\r\n\u003cli style=\"font-weight: 400;\" aria-level=\"1\"\u003e\u003cspan style=\"font-weight: 400;\"\u003eNot Moisturizing Enough\u003c/span\u003e\u003c/li\u003e\r\n\u003cli style=\"font-weight: 400;\" aria-level=\"1\"\u003e\u003cspan style=\"font-weight: 400;\"\u003eProvides Short-term Hydration\u003c/span\u003e\u003c/li\u003e\r\n\u003cli style=\"font-weight: 400;\" aria-level=\"1\"\u003e\u003cspan style=\"font-weight: 400;\"\u003eDoesn’t Make Skin Glow\u003c/span\u003e\u003c/li\u003e\r\n\u003cli style=\"font-weight: 400;\" aria-level=\"1\"\u003e\u003cspan style=\"font-weight: 400;\"\u003eNot Crafted with Natural Ingredients\u003c/span\u003e\u003c/li\u003e\r\n\u003cli style=\"font-weight: 400;\" aria-level=\"1\"\u003e\u003cspan style=\"font-weight: 400;\"\u003eNot Made Safe Approved\u003c/span\u003e\u003c/li\u003e\r\n\u003cli style=\"font-weight: 400;\" aria-level=\"1\"\u003e\u003cspan style=\"font-weight: 400;\"\u003eNot Suitable for All Skin Types\u003c/span\u003e\u003c/li\u003e\r\n\u003cli style=\"font-weight: 400;\" aria-level=\"1\"\u003e\u003cspan style=\"font-weight: 400;\"\u003eNot Dermatologically Tested\u003c/span\u003e\u003c/li\u003e\r\n\u003cli style=\"font-weight: 400;\" aria-level=\"1\"\u003e\u003cspan style=\"font-weight: 400;\"\u003eNot Cruelty-free\u003c/span\u003e\u003c/li\u003e\r\n\u003cli style=\"font-weight: 400;\" aria-level=\"1\"\u003e\u003cspan style=\"font-weight: 400;\"\u003eContains Harmful Chemicals\u003c/span\u003e\u003c/li\u003e\r\n\u003cli style=\"font-weight: 400;\" aria-level=\"1\"\u003e\u003cspan style=\"font-weight: 400;\"\u003eIs not made with 100% Natural Aloe Vera\u003c/span\u003e\u003c/li\u003e\r\n\u003cli style=\"font-weight: 400;\" aria-level=\"1\"\u003e\u003cspan style=\"font-weight: 400;\"\u003eIs not free from Paraben, LLP, Mineral Oil \u0026amp; Silicones\u003c/span\u003e\u003c/li\u003e\r\n\u003cli style=\"font-weight: 400;\" aria-level=\"1\"\u003e\u003cspan style=\"font-weight: 400;\"\u003eDoesn’t give soft \u0026amp; smooth skin\u003c/span\u003e\u003c/li\u003e\r\n\u003cli style=\"font-weight: 400;\" aria-level=\"1\"\u003e\u003cspan style=\"font-weight: 400;\"\u003eNot lightweight and non-sticky\u003c/span\u003e\u003c/li\u003e\r\n\u003cli style=\"font-weight: 400;\" aria-level=\"1\"\u003e\u003cspan style=\"font-weight: 400;\"\u003eNot 7-in-1 total care\u003c/span\u003e\u003c/li\u003e\r\n\u003c/ul\u003e\r\n\u003c/div\u003e\r\n\u003c/li\u003e\r\n\u003c/ul\u003e"},{"attribute_code":"special_from_date","value":"2025-03-18 00:00:00"}],"hide_in_front":0,"image":"/1/_/1_110.jpg","imageAltTags":[],"is_in_stock":true,"name":"Mamaearth Aloe Refresh Hydrating Body Lotion - 400 ml","position":"6","price":"469.00","product_card_tags":"Gives Up to 48 Hrs Of Moisturization | For Soft Soothed Hydrated Skin | 100% Natural Aloe Vera | Made Safe Approved","review_count":5,"sku":"8904417320183","special_price":"","special_price_from_date":{"date":"2025-03-18 05:30:00","timezone_type":3,"timezone":"Asia/Kolkata"},"tags":"Best Seller","url_key":"mamaearth-aloe-refresh-hydrating-body-lotion-400-ml","product_subtitle_keys":["Buy 1 Get 1 FREE"," Body Lotion"," Aloe Vera"],"configurable_option":{"attribute_id":313,"option_id":533,"attribute_label":"Daily Glow Body Lotion","title":"Aloe Vera","swatch_data":{"swatch_id":772,"option_id":533,"store_id":1,"type":0,"value":"Aloe Vera"}},"siblings":[{"id":1414,"sku":"8904417317244","name":"Mamaearth Rice Water Hydrating Body Lotion with Rice Water \u0026 Niacinamide for Dewy Glass Skin - 400 ml","url_key":"mamaearth-rice-water-hydrating-body-lotion-with-rice-water-niacinamide-for-dewy-glass-skin-400-ml","price":"469.00","is_in_stock":true,"custom_attributes":[{"attribute_code":"saving_scheme","value":"price_per_100_ml"},{"attribute_code":"volume","value":"400"}],"special_price":"","parent_id":1428,"attribute_id":313,"option_id":418,"parent_sku":"6789876545678","attribute_label":"Daily Glow Body Lotion","title":"Rice Water","swatch_data":{"swatch_id":628,"option_id":418,"store_id":1,"type":0,"value":"Rice Water"},"special_from_date":{"date":"2024-10-15 16:17:00","timezone_type":3,"timezone":"Asia/Kolkata"}},{"id":1415,"sku":"8904417317275","name":"Mamaearth Cocoa Rich Moisturizing Body Lotion with Cocoa Butter \u0026 Vitamin E for Intense Moisturization - 400 ml","url_key":"mamaearth-cocoa-rich-moisturizing-body-lotion-with-cocoa-butter-vitamin-e-for-intense-moisturization-400-ml","price":"469.00","is_in_stock":true,"custom_attributes":[{"attribute_code":"saving_scheme","value":"price_per_100_ml"},{"attribute_code":"volume","value":"400"}],"special_price":"","parent_id":1428,"attribute_id":313,"option_id":419,"parent_sku":"6789876545678","attribute_label":"Daily Glow Body Lotion","title":"Cocoa","swatch_data":{"swatch_id":630,"option_id":419,"store_id":1,"type":0,"value":"Cocoa"},"special_from_date":{"date":"2024-10-15 16:18:00","timezone_type":3,"timezone":"Asia/Kolkata"}},{"id":1408,"sku":"8904417317268","name":"Mamaearth Vitamin C Daily Glow Body Lotion For Skin Brightening 400 ml","url_key":"mamaearth-vitamin-c-daily-glow-body-lotion-for-skin-brightening-400-ml","price":"469.00","is_in_stock":true,"custom_attributes":[{"attribute_code":"saving_scheme","value":"price_per_100_ml"},{"attribute_code":"volume","value":"400"}],"special_price":"","parent_id":1428,"attribute_id":313,"option_id":420,"parent_sku":"6789876545678","attribute_label":"Daily Glow Body Lotion","title":"Vitamin C","swatch_data":{"swatch_id":632,"option_id":420,"store_id":1,"type":0,"value":"Vitamin C"}},{"id":1413,"sku":"8904417317183","name":"Mamaearth Ubtan Moisturizing Body Lotion with Turmeric \u0026 Saffron for Glowing Skin - 400 ml","url_key":"mamaearth-ubtan-moisturizing-body-lotion-with-turmeric-saffron-for-glowing-skin-400-ml","price":"469.00","is_in_stock":true,"custom_attributes":[{"attribute_code":"saving_scheme","value":"price_per_100_ml"},{"attribute_code":"volume","value":"400"}],"special_price":"","parent_id":1428,"attribute_id":313,"option_id":421,"parent_sku":"6789876545678","attribute_label":"Daily Glow Body Lotion","title":"Ubtan","swatch_data":{"swatch_id":634,"option_id":421,"store_id":1,"type":0,"value":"Ubtan"},"special_from_date":{"date":"2024-10-15 16:16:00","timezone_type":3,"timezone":"Asia/Kolkata"}},{"id":1430,"sku":"8904417318371","name":"Mamaearth Vitamin C Daily Glow Body Lotion For Skin Brightening 400 ml (Pack of 2)","url_key":"mamaearth-vitamin-c-daily-glow-body-lotion-for-skin-brightening-400-ml-pack-of-2","price":"938.00","is_in_stock":true,"custom_attributes":[{"attribute_code":"saving_scheme","value":"price_per_100_ml"},{"attribute_code":"volume","value":"800"}],"special_price":"750.00","parent_id":1428,"attribute_id":313,"option_id":428,"parent_sku":"6789876545678","attribute_label":"Daily Glow Body Lotion","title":"Vitamin C (Pack of 2)","swatch_data":{"swatch_id":648,"option_id":428,"store_id":1,"type":0,"value":"Vitamin C (Pack of 2)"},"special_from_date":{"date":"2025-05-24 00:01:00","timezone_type":3,"timezone":"Asia/Kolkata"}},{"id":1429,"sku":"8904417318388","name":"Mamaearth Ubtan Moisturizing Body Lotion with Turmeric \u0026 Saffron for Glowing Skin - 400ml (Pack of 2)","url_key":"mamaearth-ubtan-moisturizing-body-lotion-with-turmeric-saffron-for-glowing-skin-400-ml-pack-of-2","price":"938.00","is_in_stock":true,"custom_attributes":[{"attribute_code":"saving_scheme","value":"price_per_100_ml"},{"attribute_code":"volume","value":"800"}],"special_price":"750.00","parent_id":1428,"attribute_id":313,"option_id":429,"parent_sku":"6789876545678","attribute_label":"Daily Glow Body Lotion","title":"Ubtan (Pack of 2)","swatch_data":{"swatch_id":650,"option_id":429,"store_id":1,"type":0,"value":"Ubtan (Pack of 2)"},"special_from_date":{"date":"2025-05-24 00:01:00","timezone_type":3,"timezone":"Asia/Kolkata"}}],"size":"400ml","unitPrice":"1.17/ml","old_productid":"1556","generic_name":null}]},{"categId":237,"title":"Fragrances","description":"\u003cdiv class=\"title\"\u003e\r\n\u003cdiv class=\"mainTitle\"\u003e\r\n\u003cdiv\u003e\r\n\u003cp\u003eMamaearth Perfume range is the India’s 1st Made Safe Certified perfume and is inspired by both nature and you.\u003c/p\u003e\r\n\u003c/div\u003e\r\n\u003c/div\u003e\r\n\u003c/div\u003e","position":9,"shopLink":"/product-category/perfume","products":[{"id":1290,"tier_prices":[],"avg_rating_percent":100,"categories":[2,5,19,20,21,23,35,45,197,256,324,365,366,381,237,374],"created_at":"2024-06-17 06:24:35","custom_attributes":[{"attribute_code":"manufacturer","value":"STELLA INDUSSTRIES LIMITED Old Khandsa Road , Sector -37, HSIIDC, Gurugram – 122004, Haryana India"},{"attribute_code":"meta_title","value":"Into the Waves Eau de Parfum for Men | Buy 1 Get 1 Free"},{"attribute_code":"meta_description","value":"Presenting Mamaearth’s Buy 1 Get 1 Free Sale (Code: BOGO)! Buy Made-Safe Certified Into the Waves Eau De Parfum For Men. Premium and Long-Lasting Fragrance"},{"attribute_code":"image","value":"/1/_/1_white_bg_50.jpg"},{"attribute_code":"small_image","value":"/1/_/1_white_bg_50.jpg"},{"attribute_code":"thumbnail","value":"/1/_/1_white_bg_50.jpg"},{"attribute_code":"options_container","value":"container2"},{"attribute_code":"country_of_manufacture","value":"IN"},{"attribute_code":"url_key","value":"mamaearth-into-the-waves-eau-de-parfum-for-men-100-ml"},{"attribute_code":"msrp_display_actual_price_type","value":"0"},{"attribute_code":"gift_message_available","value":"2"},{"attribute_code":"swatch_image","value":"/1/_/1_white_bg_50.jpg"},{"attribute_code":"attribute_label_1","value":"What Makes Into the Waves Eau De Parfum Unique?"},{"attribute_code":"attribute_label_2","value":"Fragrance Notes"},{"attribute_code":"attribute_label_3","value":"How to Use"},{"attribute_code":"attribute_label_4","value":"Suitable For"},{"attribute_code":"attribute_label_5","value":"Why Mamaearth?"},{"attribute_code":"attribute_label_6","value":"Ingredient List"},{"attribute_code":"attribute_label_7","value":"FAQs"},{"attribute_code":"best_before","value":"36 Months"},{"attribute_code":"dimensions","value":"10*5*5"},{"attribute_code":"ean_code","value":"8904417315301"},{"attribute_code":"mrp","value":"899"},{"attribute_code":"old_productid","value":"1289"},{"attribute_code":"tags","value":"BOGO"},{"attribute_code":"marketed_by","value":"Honasa Consumer Limited, 10th and 11th Floor, Capital Cyberscape, Sector 59, Gurugram, Haryana, 122101"},{"attribute_code":"live_url","value":"https://mamaearth.in/product/mamaearth-into-the-waves-eau-de-parfum-for-men-100-ml"},{"attribute_code":"license_no","value":"M. 123-Coo(H)"},{"attribute_code":"length","value":"10"},{"attribute_code":"google_category","value":"2915"},{"attribute_code":"cms_sequence","value":"1,2,3,4,5,6,7,8"},{"attribute_code":"width","value":"5"},{"attribute_code":"height","value":"5"},{"attribute_code":"breadcrumb_category","value":"197","title":"Perfumes for Men \u0026 Women","url_key":"perfume"},{"attribute_code":"custom_product_type","value":"be_body"},{"attribute_code":"brand","value":"4"},{"attribute_code":"product_card_tags","value":"Made Safe Approved | Premium \u0026 Long-Lasting Fragrance | Blend of Exotic Ingredients"},{"attribute_code":"saving_scheme","value":"price_per_100_ml"},{"attribute_code":"product_subtitle_keys","value":"Buy 1 Get 1 FREE"},{"attribute_code":"is_suitable_for_skin_type","value":"465","label":"normal"},{"attribute_code":"tax_class_id","value":"2"},{"attribute_code":"create_scarcity","value":"0"},{"attribute_code":"hide_product_infront","value":"0"},{"attribute_code":"show_in_feed","value":"1"},{"attribute_code":"base_category","value":"87"},{"attribute_code":"base_sub_category","value":"79"},{"attribute_code":"show_price_per_unit","value":"1"},{"attribute_code":"volume","value":"100"},{"attribute_code":"enable_fbt_popup","value":"0"},{"attribute_code":"enable_product_for_wa_commerce","value":"0"},{"attribute_code":"strikethrough","value":"1"},{"attribute_code":"edp_fragrance_new","value":"372"},{"attribute_code":"attribute_value_1","value":"\u003cdiv class=\"list-banner\"\u003e\r\n  \u003cimg\r\n    src=\"https://images.mamaearth.in/wysiwyg/waves_edp_new.jpg?format=auto\"\r\n    alt=\"Mamaearth Into the Waves Eau De Parfum For Men\"\r\n  /\u003e\r\n  \u003cp style=\"text-align: center\"\u003eMamaearth Into the Waves Eau De Parfum For Men\u003c/p\u003e\r\n\u003c/div\u003e\r\n"},{"attribute_code":"attribute_value_2","value":"\u003cdiv\u003e\r\n\u003cul class=\"woodmart-list\"\u003e\r\n\u003cli\u003e\r\n\u003cdiv class=\"list-icon\"\u003e\u003cimg src=\"https://images.mamaearth.in/wysiwyg/bergamot.png\" alt=\"Top Notes\" /\u003e\u003c/div\u003e\r\n\u003cspan class=\"list-content\" style=\"text-align: justify;\"\u003e\u003cstrong\u003eTop Notes : \u003c/strong\u003eExperience a burst of freshness as the scent opens with notes of Lavender and Bergamot. \u003c/span\u003e\u003c/li\u003e\r\n\u003cli\u003e\r\n\u003cdiv class=\"list-icon\"\u003e\u003cimg src=\"https://images.mamaearth.in/wysiwyg/aquatic_notes.png\" alt=\"Middle Notes\" /\u003e\u003c/div\u003e\r\n\u003cspan class=\"list-content\" style=\"text-align: justify;\"\u003e\u003cstrong\u003eMiddle Notes : \u003c/strong\u003eAt its core, this adventurous scent is a melange of Violet and Aquatic notes. \u003c/span\u003e\u003c/li\u003e\r\n\u003cli\u003e\r\n\u003cdiv class=\"list-icon\"\u003e\u003cimg src=\"https://images.mamaearth.in/wysiwyg/cedarwoods.png\" alt=\"Base Notes\" /\u003e\u003c/div\u003e\r\n\u003cspan class=\"list-content\" style=\"text-align: justify;\"\u003e\u003cstrong\u003eBase Notes : \u003c/strong\u003eThe scent is anchored by earthy undertones of Cedarwood and Musk. \u003c/span\u003e\u003c/li\u003e\r\n\u003c/ul\u003e\r\n\u003c/div\u003e"},{"attribute_code":"attribute_value_3","value":"\u003cul\u003e\r\n\u003cli style=\"font-weight: 400;\" aria-level=\"1\"\u003e\u003cspan style=\"font-weight: 400;\"\u003eStep 1: Spritz it on holding the bottle at a distance of 12 inches\u003c/span\u003e\u003c/li\u003e\r\n\u003cli style=\"font-weight: 400;\" aria-level=\"1\"\u003e\u003cspan style=\"font-weight: 400;\"\u003eStep 2: Repeat on all other pulse points such as wrist, neck and back of the ears\u003c/span\u003e\u003c/li\u003e\r\n\u003cli style=\"font-weight: 400;\" aria-level=\"1\"\u003e\u003cspan style=\"font-weight: 400;\"\u003eStep 3: Refresh your scent at any time of the day\u003c/span\u003e\u003c/li\u003e\r\n\u003c/ul\u003e\r\n\u003cp\u003e\u003cspan style=\"font-weight: 400;\"\u003ePro Tip: Don’t rub. Just dab and let it dry naturally.\u003c/span\u003e\u003c/p\u003e"},{"attribute_code":"attribute_value_4","value":"\u003cul\u003e\r\n\u003cli style=\"font-weight: 400;\" aria-level=\"1\"\u003e\u003cspan style=\"font-weight: 400;\"\u003eMen above the age of 18 years can use this \u003c/span\u003e\u003c/li\u003e\r\n\u003c/ul\u003e"},{"attribute_code":"attribute_value_5","value":"\u003cul class=\"compare-list\"\u003e\r\n\u003cli\u003e\r\n\u003cdiv class=\"compare-img\"\u003e \u003c/div\u003e\r\n\u003cdiv class=\"compare-content\"\u003e\r\n\u003cul\u003e\r\n\u003cli style=\"font-weight: 400;\" aria-level=\"1\"\u003e\u003cspan style=\"font-weight: 400;\"\u003eMade Safe Approved\u003c/span\u003e\u003c/li\u003e\r\n\u003cli style=\"font-weight: 400;\" aria-level=\"1\"\u003e\u003cspan style=\"font-weight: 400;\"\u003eSkin-Friendly \u003c/span\u003e\u003c/li\u003e\r\n\u003cli style=\"font-weight: 400;\" aria-level=\"1\"\u003e\u003cspan style=\"font-weight: 400;\"\u003eLong Lasting Fragrance\u003c/span\u003e\u003c/li\u003e\r\n\u003cli style=\"font-weight: 400;\" aria-level=\"1\"\u003e\u003cspan style=\"font-weight: 400;\"\u003eBlend of Exotic Ingredients\u003c/span\u003e\u003c/li\u003e\r\n\u003cli style=\"font-weight: 400;\" aria-level=\"1\"\u003e\u003cspan style=\"font-weight: 400;\"\u003eDermatologically Tested\u003c/span\u003e\u003c/li\u003e\r\n\u003cli style=\"font-weight: 400;\" aria-level=\"1\"\u003e\u003cspan style=\"font-weight: 400;\"\u003eCruelty-Free\u003c/span\u003e\u003c/li\u003e\r\n\u003cli style=\"font-weight: 400;\" aria-level=\"1\"\u003e\u003cspan style=\"font-weight: 400;\"\u003eNo Harmful Chemicals\u003c/span\u003e\u003c/li\u003e\r\n\u003c/ul\u003e\r\n\u003c/div\u003e\r\n\u003c/li\u003e\r\n\u003cli\u003e\r\n\u003cdiv class=\"compare-img\"\u003e \u003c/div\u003e\r\n\u003cdiv class=\"compare-content\"\u003e\r\n\u003cul\u003e\r\n\u003cli style=\"font-weight: 400;\" aria-level=\"1\"\u003e\u003cspan style=\"font-weight: 400;\"\u003eNot Made Safe Approved\u003c/span\u003e\u003c/li\u003e\r\n\u003cli style=\"font-weight: 400;\" aria-level=\"1\"\u003e\u003cspan style=\"font-weight: 400;\"\u003eIrritates Skin\u003c/span\u003e\u003c/li\u003e\r\n\u003cli style=\"font-weight: 400;\" aria-level=\"1\"\u003e\u003cspan style=\"font-weight: 400;\"\u003eNot Long Lasting Fragrance\u003c/span\u003e\u003c/li\u003e\r\n\u003cli style=\"font-weight: 400;\" aria-level=\"1\"\u003e\u003cspan style=\"font-weight: 400;\"\u003eDoesn’t Have Exotic Ingredients\u003c/span\u003e\u003c/li\u003e\r\n\u003cli style=\"font-weight: 400;\" aria-level=\"1\"\u003e\u003cspan style=\"font-weight: 400;\"\u003eNot Dermatologically Tested\u003c/span\u003e\u003c/li\u003e\r\n\u003cli style=\"font-weight: 400;\" aria-level=\"1\"\u003e\u003cspan style=\"font-weight: 400;\"\u003eNot Cruelty-free\u003c/span\u003e\u003c/li\u003e\r\n\u003cli style=\"font-weight: 400;\" aria-level=\"1\"\u003e\u003cspan style=\"font-weight: 400;\"\u003eContains Harmful Chemicals\u003c/span\u003e\u003c/li\u003e\r\n\u003c/ul\u003e\r\n\u003c/div\u003e\r\n\u003c/li\u003e\r\n\u003c/ul\u003e"},{"attribute_code":"attribute_value_6","value":"\u003ctable\u003e\r\n\u003ctbody\u003e\r\n\u003ctr\u003e\r\n\u003ctd\u003e\r\n\u003cp\u003e\u003cstrong\u003eIngredient\u003c/strong\u003e\u003c/p\u003e\r\n\u003c/td\u003e\r\n\u003ctd\u003e\r\n\u003cp\u003e\u003cstrong\u003eType\u003c/strong\u003e\u003c/p\u003e\r\n\u003c/td\u003e\r\n\u003ctd\u003e\r\n\u003cp\u003e\u003cstrong\u003eWhere Is It From\u003c/strong\u003e\u003c/p\u003e\r\n\u003c/td\u003e\r\n\u003ctd\u003e\r\n\u003cp\u003e\u003cstrong\u003eHow It Helps\u003c/strong\u003e\u003c/p\u003e\r\n\u003c/td\u003e\r\n\u003c/tr\u003e\r\n\u003ctr\u003e\r\n\u003ctd\u003e\r\n\u003cp\u003e\u003cspan style=\"font-weight: 400;\"\u003eAlcohol Denatured\u003c/span\u003e\u003c/p\u003e\r\n\u003c/td\u003e\r\n\u003ctd\u003e\r\n\u003cp\u003e\u003cspan style=\"font-weight: 400;\"\u003eSynthetic\u003c/span\u003e\u003c/p\u003e\r\n\u003c/td\u003e\r\n\u003ctd\u003e\r\n\u003cp\u003e\u003cspan style=\"font-weight: 400;\"\u003eLab-Synthesized\u003c/span\u003e\u003c/p\u003e\r\n\u003c/td\u003e\r\n\u003ctd\u003e\r\n\u003cp\u003e\u003cspan style=\"font-weight: 400;\"\u003eDenaturant\u003c/span\u003e\u003c/p\u003e\r\n\u003c/td\u003e\r\n\u003c/tr\u003e\r\n\u003ctr\u003e\r\n\u003ctd\u003e\r\n\u003cp\u003e\u003cspan style=\"font-weight: 400;\"\u003eFragrance[PARFUM]\u003c/span\u003e\u003c/p\u003e\r\n\u003c/td\u003e\r\n\u003ctd\u003e\r\n\u003cp\u003e\u003cspan style=\"font-weight: 400;\"\u003eSynthetic\u003c/span\u003e\u003c/p\u003e\r\n\u003c/td\u003e\r\n\u003ctd\u003e\r\n\u003cp\u003e\u003cspan style=\"font-weight: 400;\"\u003eLab-Synthesized\u003c/span\u003e\u003c/p\u003e\r\n\u003c/td\u003e\r\n\u003ctd\u003e\r\n\u003cp\u003e\u003cspan style=\"font-weight: 400;\"\u003eFragrance\u003c/span\u003e\u003c/p\u003e\r\n\u003c/td\u003e\r\n\u003c/tr\u003e\r\n\u003ctr\u003e\r\n\u003ctd\u003e\r\n\u003cp\u003e\u003cspan style=\"font-weight: 400;\"\u003eAqua\u003c/span\u003e\u003c/p\u003e\r\n\u003c/td\u003e\r\n\u003ctd\u003e\r\n\u003cp\u003e\u003cspan style=\"font-weight: 400;\"\u003eNatural\u003c/span\u003e\u003c/p\u003e\r\n\u003c/td\u003e\r\n\u003ctd\u003e\r\n\u003cp\u003e\u003cspan style=\"font-weight: 400;\"\u003eWater\u003c/span\u003e\u003c/p\u003e\r\n\u003c/td\u003e\r\n\u003ctd\u003e\r\n\u003cp\u003e\u003cspan style=\"font-weight: 400;\"\u003eDiluent\u003c/span\u003e\u003c/p\u003e\r\n\u003c/td\u003e\r\n\u003c/tr\u003e\r\n\u003ctr\u003e\r\n\u003ctd\u003e\r\n\u003cp\u003e\u003cspan style=\"font-weight: 400;\"\u003eCI 17200\u003c/span\u003e\u003c/p\u003e\r\n\u003c/td\u003e\r\n\u003ctd\u003e\r\n\u003cp\u003e\u003cspan style=\"font-weight: 400;\"\u003eSynthetic\u003c/span\u003e\u003c/p\u003e\r\n\u003c/td\u003e\r\n\u003ctd\u003e\r\n\u003cp\u003e\u003cspan style=\"font-weight: 400;\"\u003eLab-Synthesized\u003c/span\u003e\u003c/p\u003e\r\n\u003c/td\u003e\r\n\u003ctd\u003e\r\n\u003cp\u003e\u003cspan style=\"font-weight: 400;\"\u003eColor\u003c/span\u003e\u003c/p\u003e\r\n\u003c/td\u003e\r\n\u003c/tr\u003e\r\n\u003ctr\u003e\r\n\u003ctd\u003e\r\n\u003cp\u003e\u003cspan style=\"font-weight: 400;\"\u003eBenzophenone-3\u003c/span\u003e\u003c/p\u003e\r\n\u003c/td\u003e\r\n\u003ctd\u003e\r\n\u003cp\u003e\u003cspan style=\"font-weight: 400;\"\u003eSynthetic\u003c/span\u003e\u003c/p\u003e\r\n\u003c/td\u003e\r\n\u003ctd\u003e\r\n\u003cp\u003e\u003cspan style=\"font-weight: 400;\"\u003eLab-Synthesized\u003c/span\u003e\u003c/p\u003e\r\n\u003c/td\u003e\r\n\u003ctd\u003e\r\n\u003cp\u003e\u003cspan style=\"font-weight: 400;\"\u003eAnti-oxidant\u003c/span\u003e\u003c/p\u003e\r\n\u003c/td\u003e\r\n\u003c/tr\u003e\r\n\u003ctr\u003e\r\n\u003ctd\u003e\r\n\u003cp\u003e\u003cspan style=\"font-weight: 400;\"\u003eCI 42090\u003c/span\u003e\u003c/p\u003e\r\n\u003c/td\u003e\r\n\u003ctd\u003e\r\n\u003cp\u003e\u003cspan style=\"font-weight: 400;\"\u003eSynthetic\u003c/span\u003e\u003c/p\u003e\r\n\u003c/td\u003e\r\n\u003ctd\u003e\r\n\u003cp\u003e\u003cspan style=\"font-weight: 400;\"\u003eLab-Synthesized\u003c/span\u003e\u003c/p\u003e\r\n\u003c/td\u003e\r\n\u003ctd\u003e\r\n\u003cp\u003e\u003cspan style=\"font-weight: 400;\"\u003eColor\u003c/span\u003e\u003c/p\u003e\r\n\u003c/td\u003e\r\n\u003c/tr\u003e\r\n\u003c/tbody\u003e\r\n\u003c/table\u003e"},{"attribute_code":"attribute_value_7","value":"\u003cdiv id=\"faqs\"\u003e\r\n\u003cp\u003eWhen Can I Use It?\u003c/p\u003e\r\n\u003cp\u003eIt’s an ideal daytime scent but you can surely use it any time of the day.\u003c/p\u003e\r\n\u003cp\u003eCan I Spray It On My Skin?\u003c/p\u003e\r\n\u003cp\u003eYes, it is skin friendly, however it is always advisable to do a patch test.\u003c/p\u003e\r\n\u003cp\u003eCan Women Use It?\u003c/p\u003e\r\n\u003cp\u003eAbsolutely! If Into the Waves EDP sounds like your thing, we say go for it!\u003c/p\u003e\r\n\u003c/div\u003e"},{"attribute_code":"meta_keyword","value":"Mamaearth Into the Waves Eau De Parfum For Men - 100 ml"},{"attribute_code":"short_description","value":"\u003cp\u003e\u003cspan style=\"font-weight: 400;\"\u003ePicture this. You’re surfing along the waves of the deep blue sea, the cool breeze in your hair, and that invigorating scent of the ocean. We’ve bottled up \u003c/span\u003e\u003cem\u003e\u003cspan style=\"font-weight: 400;\"\u003ejust that\u003c/span\u003e\u003c/em\u003e\u003cspan style=\"font-weight: 400;\"\u003e for you - introducing Mamaearth Into the Waves Eau De Parfum.\u003c/span\u003e\u003c/p\u003e\r\n\u003cp\u003e\u003cspan style=\"font-weight: 400;\"\u003eWith each spritz, the heady rush of Lavender and Bergamot envelops you. At its core, the bold notes of Violet and Aqua stimulate your senses, telling a tale of wild waters and infinite horizons. As the scent settles, the earthy undertones of Cedarwood \u0026amp; Musk ground you.  \u003c/span\u003e\u003cspan style=\"font-weight: 400;\"\u003e \u003c/span\u003e\u003c/p\u003e\r\n\u003cp\u003e\u003cspan style=\"font-weight: 400;\"\u003eIdeal for any adventure or the daily grind, this fragrance is not only thrilling but also safe. It is Made Safe Approved which means it doesn’t contain any harmful chemicals or toxins. The exotic ingredients ensure a long-lasting scent, while the atomizer spray offers a refreshing mist.  \u003c/span\u003e\u003c/p\u003e"},{"attribute_code":"special_price","value":null}],"hide_in_front":0,"image":"/1/_/1_white_bg_50.jpg","imageAltTags":[],"is_in_stock":true,"name":"Mamaearth Into the Waves Eau De Parfum For Men - 100 ml","position":"1","price":"899.00","product_card_tags":"Made Safe Approved | Premium \u0026 Long-Lasting Fragrance | Blend of Exotic Ingredients","review_count":48,"sku":"8904417315301","special_price":"","tags":"BOGO","url_key":"mamaearth-into-the-waves-eau-de-parfum-for-men-100-ml","configurable_option":{"attribute_id":308,"option_id":372,"attribute_label":"EDP_Fragrance_New","title":"Waves | For Men","swatch_data":{"swatch_id":546,"option_id":372,"store_id":1,"type":0,"value":"Waves | For Men"}},"siblings":[{"id":1310,"sku":"8904417315493","name":"Mamaearth Into the Woods Eau De Parfum For Men - 100ml","url_key":"mamaearth-into-the-woods-eau-de-parfum-for-men-100ml","price":"899.00","is_in_stock":true,"custom_attributes":[{"attribute_code":"saving_scheme","value":"price_per_100_ml"},{"attribute_code":"volume","value":"100"}],"special_price":"","parent_id":1345,"attribute_id":308,"option_id":373,"parent_sku":"EDP_Fragrance_New","attribute_label":"EDP_Fragrance_New","title":"Woods | For Men","swatch_data":{"swatch_id":548,"option_id":373,"store_id":1,"type":0,"value":"Woods | For Men"}},{"id":1311,"sku":"8904417315516","name":"Mamaearth Into the Sunset Eau De Parfum For Women - 100ml","url_key":"mamaearth-into-the-sunset-eau-de-parfum-for-women-100ml","price":"899.00","is_in_stock":true,"custom_attributes":[{"attribute_code":"saving_scheme","value":"price_per_100_ml"},{"attribute_code":"volume","value":"100"}],"special_price":"449.00","parent_id":1345,"attribute_id":308,"option_id":374,"parent_sku":"EDP_Fragrance_New","attribute_label":"EDP_Fragrance_New","title":"Sunset | For Women","swatch_data":{"swatch_id":550,"option_id":374,"store_id":1,"type":0,"value":"Sunset | For Women"},"special_from_date":{"date":"2025-05-15 05:30:00","timezone_type":3,"timezone":"Asia/Kolkata"}},{"id":1309,"sku":"8904417315509","name":"Mamaearth Into the Valley Eau De Parfum For Women - 100 ml","url_key":"mamaearth-into-the-valley-eau-de-parfum-for-women-100ml","price":"899.00","is_in_stock":true,"custom_attributes":[{"attribute_code":"saving_scheme","value":"price_per_100_ml"},{"attribute_code":"volume","value":"100"}],"special_price":"","parent_id":1345,"attribute_id":308,"option_id":375,"parent_sku":"EDP_Fragrance_New","attribute_label":"EDP_Fragrance_New","title":"Valley | For Women","swatch_data":{"swatch_id":552,"option_id":375,"store_id":1,"type":0,"value":"Valley | For Women"},"special_from_date":{"date":"2025-05-18 05:30:00","timezone_type":3,"timezone":"Asia/Kolkata"}},{"id":1291,"sku":"8904417315523","name":"Mamaearth Into the Vanilla Bliss Eau De Parfum For Women - 100ml","url_key":"mamaearth-into-the-vanilla-bliss-eau-de-parfum-for-women-100ml","price":"899.00","is_in_stock":true,"custom_attributes":[{"attribute_code":"saving_scheme","value":"price_per_100_ml"},{"attribute_code":"volume","value":"100"}],"special_price":"","parent_id":1345,"attribute_id":308,"option_id":376,"parent_sku":"EDP_Fragrance_New","attribute_label":"EDP_Fragrance_New","title":"Vanilla Bliss | For Women","swatch_data":{"swatch_id":554,"option_id":376,"store_id":1,"type":0,"value":"Vanilla Bliss | For Women"}}],"product_subtitle_keys":["Buy 1 Get 1 FREE"],"size":"100ml","unitPrice":"8.99/ml","old_productid":"1289","generic_name":null},{"id":1309,"tier_prices":[],"avg_rating_percent":99,"categories":[2,5,19,20,21,35,45,58,197,256,324,385,237,374],"created_at":"2024-07-01 09:56:24","custom_attributes":[{"attribute_code":"manufacturer","value":"STELLA INDUSSTRIES LIMITED Old Khandsa Road , Sector -37, HSIIDC, Gurugram – 122004, Haryana India"},{"attribute_code":"meta_title","value":"Into the Valley Eau De Parfum 100ml | Buy 1 Get 1 Free"},{"attribute_code":"meta_description","value":"Presenting Mamaearth Buy 1 Get 1 Sale (Code: BOGO). Buy Made Safe-certified Into the Valley Eau De Parfum for Women today. Premium, Long-Lasting Fragrance!"},{"attribute_code":"image","value":"/1/_/1_fop_white_bg_1.jpg"},{"attribute_code":"small_image","value":"/1/_/1_fop_white_bg_1.jpg"},{"attribute_code":"thumbnail","value":"/1/_/1_fop_white_bg_1.jpg"},{"attribute_code":"options_container","value":"container2"},{"attribute_code":"country_of_manufacture","value":"IN"},{"attribute_code":"url_key","value":"mamaearth-into-the-valley-eau-de-parfum-for-women-100ml"},{"attribute_code":"msrp_display_actual_price_type","value":"0"},{"attribute_code":"gift_message_available","value":"2"},{"attribute_code":"swatch_image","value":"/1/_/1_fop_white_bg_1.jpg"},{"attribute_code":"attribute_label_1","value":"About Mamaearth Into the Valley Eau De Parfum"},{"attribute_code":"attribute_label_2","value":"Fragrance Notes"},{"attribute_code":"attribute_label_3","value":"How to Use"},{"attribute_code":"attribute_label_4","value":"Suitable For"},{"attribute_code":"attribute_label_5","value":"Why Mamaearth?"},{"attribute_code":"attribute_label_6","value":"Ingredient List"},{"attribute_code":"attribute_label_7","value":"FAQs"},{"attribute_code":"best_before","value":"36 Months"},{"attribute_code":"dimensions","value":"10*5*5"},{"attribute_code":"ean_code","value":"8904417315509"},{"attribute_code":"mrp","value":"899"},{"attribute_code":"old_productid","value":"1308"},{"attribute_code":"tags","value":"BOGO"},{"attribute_code":"marketed_by","value":"Honasa Consumer Limited, 10th and 11th Floor, Capital Cyberscape, Sector 59, Gurugram, Haryana, 122101"},{"attribute_code":"live_url","value":"https://mamaearth.in/product/mamaearth-into-the-valley-eau-de-parfum-for-women-100ml"},{"attribute_code":"license_no","value":"M. No.- 123-Coo(H)"},{"attribute_code":"length","value":"10"},{"attribute_code":"google_category","value":"2915"},{"attribute_code":"cms_sequence","value":"1,2,3,4,5,6,7,8"},{"attribute_code":"width","value":"5"},{"attribute_code":"height","value":"5"},{"attribute_code":"breadcrumb_category","value":"197","title":"Perfumes for Men \u0026 Women","url_key":"perfume"},{"attribute_code":"custom_product_type","value":"be_body"},{"attribute_code":"brand","value":"4"},{"attribute_code":"product_card_tags","value":"Made Safe Approved | Premium \u0026 Long Lasting Fragrance | Blend of Exotic Ingredients"},{"attribute_code":"saving_scheme","value":"price_per_100_ml"},{"attribute_code":"product_subtitle_keys","value":"Buy 1 Get 1 FREE"},{"attribute_code":"is_suitable_for_skin_type","value":"465","label":"normal"},{"attribute_code":"tax_class_id","value":"2"},{"attribute_code":"create_scarcity","value":"0"},{"attribute_code":"hide_product_infront","value":"0"},{"attribute_code":"show_in_feed","value":"1"},{"attribute_code":"base_category","value":"87"},{"attribute_code":"base_sub_category","value":"79"},{"attribute_code":"show_price_per_unit","value":"1"},{"attribute_code":"volume","value":"100"},{"attribute_code":"enable_fbt_popup","value":"0"},{"attribute_code":"enable_product_for_wa_commerce","value":"0"},{"attribute_code":"strikethrough","value":"0"},{"attribute_code":"edp_fragrance_new","value":"375"},{"attribute_code":"attribute_value_1","value":"\u003cdiv class=\"list-banner\"\u003e\u003cimg src=\"https://images.mamaearth.in/wysiwyg/EDP/into_the_valley_edp.jpg?format=auto\" alt=\"Mamaearth Into the Valley Eau De Parfum For Women\" /\u003e\r\n\u003cp style=\"text-align: center;\"\u003eMamaearth Into the Valley Eau De Parfum For Women\u003c/p\u003e\r\n\u003c/div\u003e"},{"attribute_code":"attribute_value_2","value":"\u003cdiv\u003e\r\n\u003cul class=\"woodmart-list\"\u003e\r\n\u003cli\u003e\r\n\u003cdiv class=\"list-icon\"\u003e\u003cimg src=\"https://images.mamaearth.in/wysiwyg/EDP/valley_top_notes.png\" alt=\"Top Notes\" /\u003e\u003c/div\u003e\r\n\u003cspan class=\"list-content\" style=\"text-align: justify;\"\u003e\u003cstrong\u003eTop Note - Pear : \u003cspan style=\"font-weight: 400;\"\u003eAs the first note, fresh \u0026amp; fruity Pear hits you with a zesty punch, leaving you all refreshed.\u003c/span\u003e\u003c/strong\u003e\u003c/span\u003e\u003c/li\u003e\r\n\u003cli\u003e\r\n\u003cdiv class=\"list-icon\"\u003e\u003cimg src=\"https://images.mamaearth.in/wysiwyg/EDP/valley_middle_notes.png\" alt=\"Heart Notes\" /\u003e\u003c/div\u003e\r\n\u003cspan class=\"list-content\" style=\"text-align: justify;\"\u003e\u003cstrong\u003eMiddle Notes - Jasmine, Gardenia \u0026amp; Ylang Ylang : \u003cspan style=\"font-weight: 400;\"\u003eAt the heart of this fragrance is the enchanting bouquet of these three exotic aromas.\u003c/span\u003e\u003c/strong\u003e\u003c/span\u003e\u003c/li\u003e\r\n\u003cli\u003e\r\n\u003cdiv class=\"list-icon\"\u003e\u003cimg src=\"https://images.mamaearth.in/wysiwyg/EDP/valley_base_notes.png\" alt=\"Base Notes\" /\u003e\u003c/div\u003e\r\n\u003cspan class=\"list-content\" style=\"text-align: justify;\"\u003e\u003cstrong\u003eBase Notes - Vanilla \u0026amp; Cocoa : \u003cspan style=\"font-weight: 400;\"\u003eThe scent is anchored by a warm and creamy blend of Vanilla \u0026amp; Cocoa notes.\u003c/span\u003e\u003c/strong\u003e\u003c/span\u003e\u003c/li\u003e\r\n\u003c/ul\u003e\r\n\u003c/div\u003e"},{"attribute_code":"attribute_value_3","value":"\u003cul\u003e\r\n\u003cli style=\"font-weight: 400;\" aria-level=\"1\"\u003e\u003cspan style=\"font-weight: 400;\"\u003eStep 1: Spritz it on holding the bottle at a distance of 12 inches\u003c/span\u003e\u003c/li\u003e\r\n\u003cli style=\"font-weight: 400;\" aria-level=\"1\"\u003e\u003cspan style=\"font-weight: 400;\"\u003eStep 2: Repeat on all other pulse points such as wrist, neck and back of the ears\u003c/span\u003e\u003c/li\u003e\r\n\u003cli style=\"font-weight: 400;\" aria-level=\"1\"\u003e\u003cspan style=\"font-weight: 400;\"\u003eStep 3: Refresh your scent at any time of the day\u003c/span\u003e\u003c/li\u003e\r\n\u003c/ul\u003e\r\n\u003cp\u003e\u003cspan style=\"font-weight: 400;\"\u003ePro Tip: Don’t rub. Just dab and let it dry naturally.\u003c/span\u003e\u003c/p\u003e"},{"attribute_code":"attribute_value_4","value":"\u003cul\u003e\r\n\u003cli style=\"font-weight: 400;\" aria-level=\"1\"\u003e\u003cspan style=\"font-weight: 400;\"\u003eAnyone above the age of 18 years. \u003c/span\u003e\u003c/li\u003e\r\n\u003c/ul\u003e"},{"attribute_code":"attribute_value_5","value":"\u003cul class=\"compare-list\"\u003e\r\n\u003cli\u003e\r\n\u003cdiv class=\"compare-img\"\u003e \u003c/div\u003e\r\n\u003cdiv class=\"compare-content\"\u003e\r\n\u003cul\u003e\r\n\u003cli style=\"font-weight: 400;\" aria-level=\"1\"\u003e\u003cspan style=\"font-weight: 400;\"\u003eMade Safe Approved\u003c/span\u003e\u003c/li\u003e\r\n\u003cli style=\"font-weight: 400;\" aria-level=\"1\"\u003e\u003cspan style=\"font-weight: 400;\"\u003eSkin-Friendly \u003c/span\u003e\u003c/li\u003e\r\n\u003cli style=\"font-weight: 400;\" aria-level=\"1\"\u003e\u003cspan style=\"font-weight: 400;\"\u003eLong Lasting Fragrance\u003c/span\u003e\u003c/li\u003e\r\n\u003cli style=\"font-weight: 400;\" aria-level=\"1\"\u003e\u003cspan style=\"font-weight: 400;\"\u003eBlend of Exotic Ingredients\u003c/span\u003e\u003c/li\u003e\r\n\u003cli style=\"font-weight: 400;\" aria-level=\"1\"\u003e\u003cspan style=\"font-weight: 400;\"\u003eDermatologically Tested\u003c/span\u003e\u003c/li\u003e\r\n\u003cli style=\"font-weight: 400;\" aria-level=\"1\"\u003e\u003cspan style=\"font-weight: 400;\"\u003eCruelty-Free\u003c/span\u003e\u003c/li\u003e\r\n\u003cli style=\"font-weight: 400;\" aria-level=\"1\"\u003e\u003cspan style=\"font-weight: 400;\"\u003eToxin-Free \u0026amp; No Harmful Chemicals\u003c/span\u003e\u003c/li\u003e\r\n\u003c/ul\u003e\r\n\u003c/div\u003e\r\n\u003c/li\u003e\r\n\u003cli\u003e\r\n\u003cdiv class=\"compare-img\"\u003e \u003c/div\u003e\r\n\u003cdiv class=\"compare-content\"\u003e\r\n\u003cul\u003e\r\n\u003cli style=\"font-weight: 400;\" aria-level=\"1\"\u003e\u003cspan style=\"font-weight: 400;\"\u003eNot Made Safe Approved\u003c/span\u003e\u003c/li\u003e\r\n\u003cli style=\"font-weight: 400;\" aria-level=\"1\"\u003e\u003cspan style=\"font-weight: 400;\"\u003eIrritates Skin\u003c/span\u003e\u003c/li\u003e\r\n\u003cli style=\"font-weight: 400;\" aria-level=\"1\"\u003e\u003cspan style=\"font-weight: 400;\"\u003eNot Long Lasting Fragrance\u003c/span\u003e\u003c/li\u003e\r\n\u003cli style=\"font-weight: 400;\" aria-level=\"1\"\u003e\u003cspan style=\"font-weight: 400;\"\u003eDoesn’t Have Exotic Ingredients\u003c/span\u003e\u003c/li\u003e\r\n\u003cli style=\"font-weight: 400;\" aria-level=\"1\"\u003e\u003cspan style=\"font-weight: 400;\"\u003eNot Dermatologically Tested\u003c/span\u003e\u003c/li\u003e\r\n\u003cli style=\"font-weight: 400;\" aria-level=\"1\"\u003e\u003cspan style=\"font-weight: 400;\"\u003eNot Cruelty-free\u003c/span\u003e\u003c/li\u003e\r\n\u003cli style=\"font-weight: 400;\" aria-level=\"1\"\u003e\u003cspan style=\"font-weight: 400;\"\u003eContains Harmful Chemicals\u003c/span\u003e\u003c/li\u003e\r\n\u003c/ul\u003e\r\n\u003c/div\u003e\r\n\u003c/li\u003e\r\n\u003c/ul\u003e"},{"attribute_code":"attribute_value_6","value":"\u003ctable\u003e\r\n\u003ctbody\u003e\r\n\u003ctr\u003e\r\n\u003ctd\u003e\r\n\u003cp\u003e\u003cstrong\u003eIngredient\u003c/strong\u003e\u003c/p\u003e\r\n\u003c/td\u003e\r\n\u003ctd\u003e\r\n\u003cp\u003e\u003cstrong\u003eType\u003c/strong\u003e\u003c/p\u003e\r\n\u003c/td\u003e\r\n\u003ctd\u003e\r\n\u003cp\u003e\u003cstrong\u003eWhere Is It From\u003c/strong\u003e\u003c/p\u003e\r\n\u003c/td\u003e\r\n\u003ctd\u003e\r\n\u003cp\u003e\u003cstrong\u003eHow It Helps\u003c/strong\u003e\u003c/p\u003e\r\n\u003c/td\u003e\r\n\u003c/tr\u003e\r\n\u003ctr\u003e\r\n\u003ctd\u003e\r\n\u003cp\u003e\u003cspan style=\"font-weight: 400;\"\u003eAlcohol Denatured\u003c/span\u003e\u003c/p\u003e\r\n\u003c/td\u003e\r\n\u003ctd\u003e\r\n\u003cp\u003e\u003cspan style=\"font-weight: 400;\"\u003eSynthetic\u003c/span\u003e\u003c/p\u003e\r\n\u003c/td\u003e\r\n\u003ctd\u003e\r\n\u003cp\u003e\u003cspan style=\"font-weight: 400;\"\u003eLab-Synthesized\u003c/span\u003e\u003c/p\u003e\r\n\u003c/td\u003e\r\n\u003ctd\u003e\r\n\u003cp\u003e\u003cspan style=\"font-weight: 400;\"\u003eDenaturant\u003c/span\u003e\u003c/p\u003e\r\n\u003c/td\u003e\r\n\u003c/tr\u003e\r\n\u003ctr\u003e\r\n\u003ctd\u003e\r\n\u003cp\u003e\u003cspan style=\"font-weight: 400;\"\u003eFragrance[PARFUM]\u003c/span\u003e\u003c/p\u003e\r\n\u003c/td\u003e\r\n\u003ctd\u003e\r\n\u003cp\u003e\u003cspan style=\"font-weight: 400;\"\u003eNatural\u003c/span\u003e\u003c/p\u003e\r\n\u003c/td\u003e\r\n\u003ctd\u003e\r\n\u003cp\u003e\u003cspan style=\"font-weight: 400;\"\u003ePlant-Based\u003c/span\u003e\u003c/p\u003e\r\n\u003c/td\u003e\r\n\u003ctd\u003e\r\n\u003cp\u003e\u003cspan style=\"font-weight: 400;\"\u003eFragrance\u003c/span\u003e\u003c/p\u003e\r\n\u003c/td\u003e\r\n\u003c/tr\u003e\r\n\u003ctr\u003e\r\n\u003ctd\u003e\r\n\u003cp\u003e\u003cspan style=\"font-weight: 400;\"\u003eAqua\u003c/span\u003e\u003c/p\u003e\r\n\u003c/td\u003e\r\n\u003ctd\u003e\r\n\u003cp\u003e\u003cspan style=\"font-weight: 400;\"\u003eNatural\u003c/span\u003e\u003c/p\u003e\r\n\u003c/td\u003e\r\n\u003ctd\u003e\r\n\u003cp\u003e\u003cspan style=\"font-weight: 400;\"\u003eWater\u003c/span\u003e\u003c/p\u003e\r\n\u003c/td\u003e\r\n\u003ctd\u003e\r\n\u003cp\u003e\u003cspan style=\"font-weight: 400;\"\u003eDiluent\u003c/span\u003e\u003c/p\u003e\r\n\u003c/td\u003e\r\n\u003c/tr\u003e\r\n\u003ctr\u003e\r\n\u003ctd\u003e\r\n\u003cp\u003e\u003cspan style=\"font-weight: 400;\"\u003eCI 17200\u003c/span\u003e\u003c/p\u003e\r\n\u003c/td\u003e\r\n\u003ctd\u003e\r\n\u003cp\u003e\u003cspan style=\"font-weight: 400;\"\u003eSynthetic\u003c/span\u003e\u003c/p\u003e\r\n\u003c/td\u003e\r\n\u003ctd\u003e\r\n\u003cp\u003e\u003cspan style=\"font-weight: 400;\"\u003eLab-Synthesized\u003c/span\u003e\u003c/p\u003e\r\n\u003c/td\u003e\r\n\u003ctd\u003e\r\n\u003cp\u003e\u003cspan style=\"font-weight: 400;\"\u003eColor\u003c/span\u003e\u003c/p\u003e\r\n\u003c/td\u003e\r\n\u003c/tr\u003e\r\n\u003ctr\u003e\r\n\u003ctd\u003e\r\n\u003cp\u003e\u003cspan style=\"font-weight: 400;\"\u003eBenzophenone-3\u003c/span\u003e\u003c/p\u003e\r\n\u003c/td\u003e\r\n\u003ctd\u003e\r\n\u003cp\u003e\u003cspan style=\"font-weight: 400;\"\u003eSynthetic\u003c/span\u003e\u003c/p\u003e\r\n\u003c/td\u003e\r\n\u003ctd\u003e\r\n\u003cp\u003e\u003cspan style=\"font-weight: 400;\"\u003eLab-Synthesized\u003c/span\u003e\u003c/p\u003e\r\n\u003c/td\u003e\r\n\u003ctd\u003e\r\n\u003cp\u003e\u003cspan style=\"font-weight: 400;\"\u003eAnti-oxidant\u003c/span\u003e\u003c/p\u003e\r\n\u003c/td\u003e\r\n\u003c/tr\u003e\r\n\u003c/tbody\u003e\r\n\u003c/table\u003e\r\n\u003cp\u003e \u003c/p\u003e"},{"attribute_code":"attribute_value_7","value":"\u003cdiv id=\"faqs\"\u003e\r\n\u003cp\u003eWhat Does This Perfume Smell Like?\u003c/p\u003e\r\n\u003cp\u003eThe exotic, natural notes of Into the Valley give away refreshing floral as well as fruity scents.\u003c/p\u003e\r\n\u003cp\u003eIs It Safe To Use On Skin?\u003c/p\u003e\r\n\u003cp\u003eYes, the fragrance is Made Safe Approved, which makes it perfectly safe to use on skin, and even on clothes.\u003c/p\u003e\r\n\u003cp\u003eCan I Use This Perfume Every day?\u003c/p\u003e\r\n\u003cp\u003eMamaearth Into the Valley Eau De Parfum is dermatologically tested, so yes, you can use it daily without compromising on safety.\u003c/p\u003e\r\n\u003cp\u003eHow Long Does The Fragrance Last?\u003c/p\u003e\r\n\u003cp\u003eMamaearth Into the Valley Eau De Parfum is curated to last long and give you a refreshing, calming aroma all day long.\u003c/p\u003e\r\n\u003c/div\u003e"},{"attribute_code":"short_description","value":"\u003cp\u003e\u003cspan style=\"font-weight: 400;\"\u003eDelight your senses with a fragrance that teleports you to a floral wonderland. Introducing Into the Valley Eau De Parfum– it’s as captivating as it is unforgettable. Carefully crafted with nature’s finest blooms, every note is a revelation, every whiff a moment of pure bliss. \u003c/span\u003e\u003c/p\u003e\r\n\u003cp\u003e\u003cspan style=\"font-weight: 400;\"\u003eThe first whiff hits you with the crisp sweetness of pear, greeting your senses with a burst of freshness. As you dive deeper, you’ll come across a delicate fusion of nature's finest offerings: Jasmine, Gardenia \u0026amp; Ylang Ylang, creating a bouquet of exotic allure. Finally, the base notes of warm Cocoa and comforting Vanilla invite you to immerse yourself in its rich and luxurious aroma.\u003c/span\u003e\u003c/p\u003e\r\n\u003cp\u003e\u003cspan style=\"font-weight: 400;\"\u003eThis perfume is not only dermatologically tested but also Made Safe Approved, so you can spritz away worry-free! The added convenience of the atomizer spray is perfect for better fragrance diffusion, enhancing the experience for you, every day!   \u003c/span\u003e\u003c/p\u003e"},{"attribute_code":"meta_keyword","value":"Mamaearth Into the Valley Eau De Parfum For Women - 100 ml"},{"attribute_code":"special_price","value":null},{"attribute_code":"special_from_date","value":"2025-05-18 00:00:00"}],"hide_in_front":0,"image":"/1/_/1_fop_white_bg_1.jpg","imageAltTags":[],"is_in_stock":true,"name":"Mamaearth Into the Valley Eau De Parfum For Women - 100 ml","position":"2","price":"899.00","product_card_tags":"Made Safe Approved | Premium \u0026 Long Lasting Fragrance | Blend of Exotic Ingredients","review_count":55,"sku":"8904417315509","special_price":"","special_price_from_date":{"date":"2025-05-18 05:30:00","timezone_type":3,"timezone":"Asia/Kolkata"},"tags":"BOGO","url_key":"mamaearth-into-the-valley-eau-de-parfum-for-women-100ml","configurable_option":{"attribute_id":308,"option_id":375,"attribute_label":"EDP_Fragrance_New","title":"Valley | For Women","swatch_data":{"swatch_id":552,"option_id":375,"store_id":1,"type":0,"value":"Valley | For Women"}},"siblings":[{"id":1290,"sku":"8904417315301","name":"Mamaearth Into the Waves Eau De Parfum For Men - 100 ml","url_key":"mamaearth-into-the-waves-eau-de-parfum-for-men-100-ml","price":"899.00","is_in_stock":true,"custom_attributes":[{"attribute_code":"saving_scheme","value":"price_per_100_ml"},{"attribute_code":"volume","value":"100"}],"special_price":"","parent_id":1345,"attribute_id":308,"option_id":372,"parent_sku":"EDP_Fragrance_New","attribute_label":"EDP_Fragrance_New","title":"Waves | For Men","swatch_data":{"swatch_id":546,"option_id":372,"store_id":1,"type":0,"value":"Waves | For Men"}},{"id":1310,"sku":"8904417315493","name":"Mamaearth Into the Woods Eau De Parfum For Men - 100ml","url_key":"mamaearth-into-the-woods-eau-de-parfum-for-men-100ml","price":"899.00","is_in_stock":true,"custom_attributes":[{"attribute_code":"saving_scheme","value":"price_per_100_ml"},{"attribute_code":"volume","value":"100"}],"special_price":"","parent_id":1345,"attribute_id":308,"option_id":373,"parent_sku":"EDP_Fragrance_New","attribute_label":"EDP_Fragrance_New","title":"Woods | For Men","swatch_data":{"swatch_id":548,"option_id":373,"store_id":1,"type":0,"value":"Woods | For Men"}},{"id":1311,"sku":"8904417315516","name":"Mamaearth Into the Sunset Eau De Parfum For Women - 100ml","url_key":"mamaearth-into-the-sunset-eau-de-parfum-for-women-100ml","price":"899.00","is_in_stock":true,"custom_attributes":[{"attribute_code":"saving_scheme","value":"price_per_100_ml"},{"attribute_code":"volume","value":"100"}],"special_price":"449.00","parent_id":1345,"attribute_id":308,"option_id":374,"parent_sku":"EDP_Fragrance_New","attribute_label":"EDP_Fragrance_New","title":"Sunset | For Women","swatch_data":{"swatch_id":550,"option_id":374,"store_id":1,"type":0,"value":"Sunset | For Women"},"special_from_date":{"date":"2025-05-15 05:30:00","timezone_type":3,"timezone":"Asia/Kolkata"}},{"id":1291,"sku":"8904417315523","name":"Mamaearth Into the Vanilla Bliss Eau De Parfum For Women - 100ml","url_key":"mamaearth-into-the-vanilla-bliss-eau-de-parfum-for-women-100ml","price":"899.00","is_in_stock":true,"custom_attributes":[{"attribute_code":"saving_scheme","value":"price_per_100_ml"},{"attribute_code":"volume","value":"100"}],"special_price":"","parent_id":1345,"attribute_id":308,"option_id":376,"parent_sku":"EDP_Fragrance_New","attribute_label":"EDP_Fragrance_New","title":"Vanilla Bliss | For Women","swatch_data":{"swatch_id":554,"option_id":376,"store_id":1,"type":0,"value":"Vanilla Bliss | For Women"}}],"product_subtitle_keys":["Buy 1 Get 1 FREE"],"size":"100ml","unitPrice":"8.99/ml","old_productid":"1308","generic_name":null},{"id":1311,"tier_prices":[],"avg_rating_percent":99,"categories":[2,5,19,20,21,35,45,58,197,256,324,385,443,237],"created_at":"2024-07-01 10:17:20","custom_attributes":[{"attribute_code":"manufacturer","value":"STELLA INDUSSTRIES LIMITED Old Khandsa Road , Sector -37, HSIIDC, Gurugram – 122004, Haryana India"},{"attribute_code":"meta_title","value":"Into The Sunset Eau De Parfum For Women | Buy 1 Get 1 Free"},{"attribute_code":"meta_description","value":"Mamaearth’s Buy 1 Get 1 Free Sale at Code: BOGO! Buy Into The Sunset Eau De Parfum For Women. Premium, Long-Lasting, Exotic Fragrance. Made Safe Certified"},{"attribute_code":"image","value":"/1/_/1_white_bg_54.jpg"},{"attribute_code":"small_image","value":"/1/_/1_white_bg_54.jpg"},{"attribute_code":"thumbnail","value":"/1/_/1_white_bg_54.jpg"},{"attribute_code":"options_container","value":"container2"},{"attribute_code":"country_of_manufacture","value":"IN"},{"attribute_code":"url_key","value":"mamaearth-into-the-sunset-eau-de-parfum-for-women-100ml"},{"attribute_code":"msrp_display_actual_price_type","value":"0"},{"attribute_code":"gift_message_available","value":"2"},{"attribute_code":"swatch_image","value":"/1/_/1_white_bg_54.jpg"},{"attribute_code":"attribute_label_1","value":"About Into the Sunset Eau De Parfum"},{"attribute_code":"attribute_label_2","value":"Fragrance Notes"},{"attribute_code":"attribute_label_3","value":"How to Use"},{"attribute_code":"attribute_label_4","value":"Suitable For"},{"attribute_code":"attribute_label_5","value":"Why Mamaearth?"},{"attribute_code":"attribute_label_6","value":"Ingredient List"},{"attribute_code":"attribute_label_7","value":"FAQs"},{"attribute_code":"best_before","value":"36 Months"},{"attribute_code":"dimensions","value":"10*5*5"},{"attribute_code":"ean_code","value":"8904417315516"},{"attribute_code":"mrp","value":"899"},{"attribute_code":"old_productid","value":"1310"},{"attribute_code":"tags","value":"BOGO"},{"attribute_code":"marketed_by","value":"Honasa Consumer Limited, 10th and 11th Floor, Capital Cyberscape, Sector 59, Gurugram, Haryana, 122101"},{"attribute_code":"live_url","value":"https://mamaearth.in/product/mamaearth-into-the-sunset-eau-de-parfum-for-women-100ml"},{"attribute_code":"license_no","value":"M. No.- 123-Coo(H)"},{"attribute_code":"length","value":"10"},{"attribute_code":"google_category","value":"2915"},{"attribute_code":"cms_sequence","value":"1,2,3,4,5,6,7,8"},{"attribute_code":"width","value":"5"},{"attribute_code":"height","value":"5"},{"attribute_code":"breadcrumb_category","value":"197","title":"Perfumes for Men \u0026 Women","url_key":"perfume"},{"attribute_code":"custom_product_type","value":"be_body"},{"attribute_code":"brand","value":"4"},{"attribute_code":"product_card_tags","value":"Made Safe Approved | Premium \u0026 Long Lasting Fragrance | Blend of Exotic Ingredients"},{"attribute_code":"saving_scheme","value":"price_per_100_ml"},{"attribute_code":"product_subtitle_keys","value":"Buy 1 Get 1 FREE"},{"attribute_code":"is_suitable_for_skin_type","value":"465","label":"normal"},{"attribute_code":"tax_class_id","value":"2"},{"attribute_code":"create_scarcity","value":"0"},{"attribute_code":"hide_product_infront","value":"0"},{"attribute_code":"show_in_feed","value":"1"},{"attribute_code":"base_category","value":"87"},{"attribute_code":"base_sub_category","value":"79"},{"attribute_code":"show_price_per_unit","value":"1"},{"attribute_code":"volume","value":"100"},{"attribute_code":"enable_fbt_popup","value":"0"},{"attribute_code":"enable_product_for_wa_commerce","value":"0"},{"attribute_code":"strikethrough","value":"1"},{"attribute_code":"edp_fragrance_new","value":"374"},{"attribute_code":"attribute_value_1","value":"\u003cdiv class=\"list-banner\"\u003e\u003cimg src=\"https://images.mamaearth.in/wysiwyg/EDP/into_the_sunset_edp.jpg?format=auto\" alt=\"Mamaearth Into the Sunset Eau De Parfum For Women\" /\u003e\r\n\u003cp style=\"text-align: center;\"\u003eMamaearth Into the Sunset Eau De Parfum For Women\u003c/p\u003e\r\n\u003c/div\u003e"},{"attribute_code":"attribute_value_2","value":"\u003cdiv\u003e\r\n\u003cul class=\"woodmart-list\"\u003e\r\n\u003cli\u003e\r\n\u003cdiv class=\"list-icon\"\u003e\u003cimg src=\"https://images.mamaearth.in/wysiwyg/EDP/sunset_top_notes.png\" alt=\"Top Notes\" /\u003e\u003c/div\u003e\r\n\u003cspan class=\"list-content\" style=\"text-align: justify;\"\u003e\u003cstrong\u003eTop Note - Grapefruit : \u003cspan style=\"font-weight: 400;\"\u003eIt's not just a fragrance note, but a vibrant burst of life itself. The tangy essence of Grapefruit gives a lively freshness that uplifts the mood. \u003c/span\u003e\u003c/strong\u003e\u003c/span\u003e\u003c/li\u003e\r\n\u003cli\u003e\r\n\u003cdiv class=\"list-icon\"\u003e\u003cimg src=\"https://images.mamaearth.in/wysiwyg/EDP/sunset_middle_notes.png\" alt=\"Heart Notes\" /\u003e\u003c/div\u003e\r\n\u003cspan class=\"list-content\" style=\"text-align: justify;\"\u003e\u003cstrong\u003eMiddle Notes - Tangerine \u0026amp; Passion Fruit : \u003cspan style=\"font-weight: 400;\"\u003eHints of Passion Fruit \u0026amp; Tangerine reveal the citrus middle notes, leaving you with an intense, tropical scent\u003c/span\u003e\u003c/strong\u003e\u003c/span\u003e\u003c/li\u003e\r\n\u003cli\u003e\r\n\u003cdiv class=\"list-icon\"\u003e\u003cimg src=\"https://images.mamaearth.in/wysiwyg/EDP/sunset_base_notes.png\" alt=\"Base Notes\" /\u003e\u003c/div\u003e\r\n\u003cspan class=\"list-content\" style=\"text-align: justify;\"\u003e\u003cstrong\u003eBase Notes - Peony \u0026amp; Iris : \u003cspan style=\"font-weight: 400;\"\u003eThe light, airy note of Peony gives the perfume a rather floral essence, while Iris helps to prolong the life of other fragrances in the blend.\u003c/span\u003e\u003c/strong\u003e\u003c/span\u003e\u003c/li\u003e\r\n\u003c/ul\u003e\r\n\u003c/div\u003e"},{"attribute_code":"attribute_value_3","value":"\u003cul\u003e\r\n\u003cli style=\"font-weight: 400;\" aria-level=\"1\"\u003e\u003cspan style=\"font-weight: 400;\"\u003eStep 1: Spritz it on holding the bottle at a distance of 12 inches\u003c/span\u003e\u003c/li\u003e\r\n\u003cli style=\"font-weight: 400;\" aria-level=\"1\"\u003e\u003cspan style=\"font-weight: 400;\"\u003eStep 2: Repeat on all other pulse points such as wrist, neck and back of the ears\u003c/span\u003e\u003c/li\u003e\r\n\u003cli style=\"font-weight: 400;\" aria-level=\"1\"\u003e\u003cspan style=\"font-weight: 400;\"\u003eStep 3: Refresh your scent at any time of the day\u003c/span\u003e\u003c/li\u003e\r\n\u003c/ul\u003e\r\n\u003cp\u003e\u003cspan style=\"font-weight: 400;\"\u003ePro Tip: Don’t rub. Just dab and let it dry naturally.\u003c/span\u003e\u003c/p\u003e"},{"attribute_code":"attribute_value_4","value":"\u003cul\u003e\r\n\u003cli style=\"font-weight: 400;\" aria-level=\"1\"\u003e\u003cspan style=\"font-weight: 400;\"\u003eAnyone above the age of 18 years. \u003c/span\u003e\u003c/li\u003e\r\n\u003c/ul\u003e"},{"attribute_code":"attribute_value_5","value":"\u003cul class=\"compare-list\"\u003e\r\n\u003cli\u003e\r\n\u003cdiv class=\"compare-img\"\u003e \u003c/div\u003e\r\n\u003cdiv class=\"compare-content\"\u003e\r\n\u003cul\u003e\r\n\u003cli style=\"font-weight: 400;\" aria-level=\"1\"\u003e\u003cspan style=\"font-weight: 400;\"\u003eMade Safe Approved\u003c/span\u003e\u003c/li\u003e\r\n\u003cli style=\"font-weight: 400;\" aria-level=\"1\"\u003e\u003cspan style=\"font-weight: 400;\"\u003eSkin-Friendly \u003c/span\u003e\u003c/li\u003e\r\n\u003cli style=\"font-weight: 400;\" aria-level=\"1\"\u003e\u003cspan style=\"font-weight: 400;\"\u003eLong Lasting Fragrance\u003c/span\u003e\u003c/li\u003e\r\n\u003cli style=\"font-weight: 400;\" aria-level=\"1\"\u003e\u003cspan style=\"font-weight: 400;\"\u003eBlend of Exotic Ingredients\u003c/span\u003e\u003c/li\u003e\r\n\u003cli style=\"font-weight: 400;\" aria-level=\"1\"\u003e\u003cspan style=\"font-weight: 400;\"\u003eDermatologically Tested\u003c/span\u003e\u003c/li\u003e\r\n\u003cli style=\"font-weight: 400;\" aria-level=\"1\"\u003e\u003cspan style=\"font-weight: 400;\"\u003eCruelty-Free\u003c/span\u003e\u003c/li\u003e\r\n\u003cli style=\"font-weight: 400;\" aria-level=\"1\"\u003e\u003cspan style=\"font-weight: 400;\"\u003eToxin-Free \u0026amp; No Harmful Chemicals\u003c/span\u003e\u003c/li\u003e\r\n\u003c/ul\u003e\r\n\u003c/div\u003e\r\n\u003c/li\u003e\r\n\u003cli\u003e\r\n\u003cdiv class=\"compare-img\"\u003e \u003c/div\u003e\r\n\u003cdiv class=\"compare-content\"\u003e\r\n\u003cul\u003e\r\n\u003cli style=\"font-weight: 400;\" aria-level=\"1\"\u003e\u003cspan style=\"font-weight: 400;\"\u003eNot Made Safe Approved\u003c/span\u003e\u003c/li\u003e\r\n\u003cli style=\"font-weight: 400;\" aria-level=\"1\"\u003e\u003cspan style=\"font-weight: 400;\"\u003eIrritates Skin\u003c/span\u003e\u003c/li\u003e\r\n\u003cli style=\"font-weight: 400;\" aria-level=\"1\"\u003e\u003cspan style=\"font-weight: 400;\"\u003eNot Long Lasting Fragrance\u003c/span\u003e\u003c/li\u003e\r\n\u003cli style=\"font-weight: 400;\" aria-level=\"1\"\u003e\u003cspan style=\"font-weight: 400;\"\u003eDoesn’t Have Exotic Ingredients\u003c/span\u003e\u003c/li\u003e\r\n\u003cli style=\"font-weight: 400;\" aria-level=\"1\"\u003e\u003cspan style=\"font-weight: 400;\"\u003eNot Dermatologically Tested\u003c/span\u003e\u003c/li\u003e\r\n\u003cli style=\"font-weight: 400;\" aria-level=\"1\"\u003e\u003cspan style=\"font-weight: 400;\"\u003eNot Cruelty-free\u003c/span\u003e\u003c/li\u003e\r\n\u003cli style=\"font-weight: 400;\" aria-level=\"1\"\u003e\u003cspan style=\"font-weight: 400;\"\u003eContains Harmful Chemicals\u003c/span\u003e\u003c/li\u003e\r\n\u003c/ul\u003e\r\n\u003c/div\u003e\r\n\u003c/li\u003e\r\n\u003c/ul\u003e"},{"attribute_code":"attribute_value_6","value":"\u003ctable\u003e\r\n\u003ctbody\u003e\r\n\u003ctr\u003e\r\n\u003ctd\u003e\r\n\u003cp\u003e\u003cstrong\u003eIngredient\u003c/strong\u003e\u003c/p\u003e\r\n\u003c/td\u003e\r\n\u003ctd\u003e\r\n\u003cp\u003e\u003cstrong\u003eType\u003c/strong\u003e\u003c/p\u003e\r\n\u003c/td\u003e\r\n\u003ctd\u003e\r\n\u003cp\u003e\u003cstrong\u003eWhere Is It From\u003c/strong\u003e\u003c/p\u003e\r\n\u003c/td\u003e\r\n\u003ctd\u003e\r\n\u003cp\u003e\u003cstrong\u003eHow It Helps\u003c/strong\u003e\u003c/p\u003e\r\n\u003c/td\u003e\r\n\u003c/tr\u003e\r\n\u003ctr\u003e\r\n\u003ctd\u003e\r\n\u003cp\u003e\u003cspan style=\"font-weight: 400;\"\u003eAlcohol Denat\u003c/span\u003e\u003c/p\u003e\r\n\u003c/td\u003e\r\n\u003ctd\u003e\r\n\u003cp\u003e\u003cspan style=\"font-weight: 400;\"\u003eSynthetic\u003c/span\u003e\u003c/p\u003e\r\n\u003c/td\u003e\r\n\u003ctd\u003e\r\n\u003cp\u003e\u003cspan style=\"font-weight: 400;\"\u003eLab-Synthesized\u003c/span\u003e\u003c/p\u003e\r\n\u003c/td\u003e\r\n\u003ctd\u003e\r\n\u003cp\u003e\u003cspan style=\"font-weight: 400;\"\u003eDenaturant\u003c/span\u003e\u003c/p\u003e\r\n\u003c/td\u003e\r\n\u003c/tr\u003e\r\n\u003ctr\u003e\r\n\u003ctd\u003e\r\n\u003cp\u003e\u003cspan style=\"font-weight: 400;\"\u003eAqua\u003c/span\u003e\u003c/p\u003e\r\n\u003c/td\u003e\r\n\u003ctd\u003e\r\n\u003cp\u003e\u003cspan style=\"font-weight: 400;\"\u003eNatural\u003c/span\u003e\u003c/p\u003e\r\n\u003c/td\u003e\r\n\u003ctd\u003e\r\n\u003cp\u003e\u003cspan style=\"font-weight: 400;\"\u003eWater\u003c/span\u003e\u003c/p\u003e\r\n\u003c/td\u003e\r\n\u003ctd\u003e\r\n\u003cp\u003e\u003cspan style=\"font-weight: 400;\"\u003eDiluent\u003c/span\u003e\u003c/p\u003e\r\n\u003c/td\u003e\r\n\u003c/tr\u003e\r\n\u003ctr\u003e\r\n\u003ctd\u003e\r\n\u003cp\u003e\u003cspan style=\"font-weight: 400;\"\u003eFragrance[PARFUM]\u003c/span\u003e\u003c/p\u003e\r\n\u003c/td\u003e\r\n\u003ctd\u003e\r\n\u003cp\u003e\u003cspan style=\"font-weight: 400;\"\u003eNatural\u003c/span\u003e\u003c/p\u003e\r\n\u003c/td\u003e\r\n\u003ctd\u003e\r\n\u003cp\u003e\u003cspan style=\"font-weight: 400;\"\u003ePlant-Based\u003c/span\u003e\u003c/p\u003e\r\n\u003c/td\u003e\r\n\u003ctd\u003e\r\n\u003cp\u003e\u003cspan style=\"font-weight: 400;\"\u003eFragrance\u003c/span\u003e\u003c/p\u003e\r\n\u003c/td\u003e\r\n\u003c/tr\u003e\r\n\u003ctr\u003e\r\n\u003ctd\u003e\r\n\u003cp\u003e\u003cspan style=\"font-weight: 400;\"\u003eCI 45370\u003c/span\u003e\u003c/p\u003e\r\n\u003c/td\u003e\r\n\u003ctd\u003e\r\n\u003cp\u003e\u003cspan style=\"font-weight: 400;\"\u003eSynthetic\u003c/span\u003e\u003c/p\u003e\r\n\u003c/td\u003e\r\n\u003ctd\u003e\r\n\u003cp\u003e\u003cspan style=\"font-weight: 400;\"\u003eLab-Synthesized\u003c/span\u003e\u003c/p\u003e\r\n\u003c/td\u003e\r\n\u003ctd\u003e\r\n\u003cp\u003e\u003cspan style=\"font-weight: 400;\"\u003eColor\u003c/span\u003e\u003c/p\u003e\r\n\u003c/td\u003e\r\n\u003c/tr\u003e\r\n\u003ctr\u003e\r\n\u003ctd\u003e\r\n\u003cp\u003e\u003cspan style=\"font-weight: 400;\"\u003eBenzophenone-3\u003c/span\u003e\u003c/p\u003e\r\n\u003c/td\u003e\r\n\u003ctd\u003e\r\n\u003cp\u003e\u003cspan style=\"font-weight: 400;\"\u003eSynthetic\u003c/span\u003e\u003c/p\u003e\r\n\u003c/td\u003e\r\n\u003ctd\u003e\r\n\u003cp\u003e\u003cspan style=\"font-weight: 400;\"\u003eLab-Synthesized\u003c/span\u003e\u003c/p\u003e\r\n\u003c/td\u003e\r\n\u003ctd\u003e\r\n\u003cp\u003e\u003cspan style=\"font-weight: 400;\"\u003eAnti-oxidant\u003c/span\u003e\u003c/p\u003e\r\n\u003c/td\u003e\r\n\u003c/tr\u003e\r\n\u003c/tbody\u003e\r\n\u003c/table\u003e"},{"attribute_code":"attribute_value_7","value":"\u003cdiv id=\"faqs\"\u003e\r\n\u003cp\u003eWhat Does This Perfume Smell Like?\u003c/p\u003e\r\n\u003cp\u003eThe exotic, natural notes of Into the Sunset give away refreshing, fruity, as well as floral scents. It captures the essence of a peaceful evening by the shore. \u003c/p\u003e\r\n\u003cp\u003eIs It Safe To Use On Skin?\u003c/p\u003e\r\n\u003cp\u003eYes, the fragrance is Made Safe Approved, which makes it perfectly safe to use on skin, and even on clothes..\u003c/p\u003e\r\n\u003cp\u003eCan I Use This Perfume Every day?\u003c/p\u003e\r\n\u003cp\u003eMamaearth Into the Sunset Eau De Parfum is dermatologically tested, so yes, you can use it daily without compromising on safety.\u003c/p\u003e\r\n\u003cp\u003eHow Long Does The Fragrance Last?\u003c/p\u003e\r\n\u003cp\u003eMamaearth Into the Sunset Eau De Parfum is curated to last long and give you a refreshing, calming aroma all day long.\u003c/p\u003e\r\n\u003c/div\u003e"},{"attribute_code":"short_description","value":"\u003cp\u003e\u003cspan style=\"font-weight: 400;\"\u003eEmbark on a sensorial journey with Mamaearth Into the Sunset Eau De Parfum! Imagine you’re strolling along a quiet seashore, the sun disappearing below the horizon, painting the sky in subtle hues; the perfume captures the essence of this riveting moment, giving you an experience like no other. \u003c/span\u003e\u003c/p\u003e\r\n\u003cp\u003e\u003cspan style=\"font-weight: 400;\"\u003eInto the Sunset is crafted with a blend of exotic ingredients. At its heart lies the tropical burst of Grapefruit, setting the stage for a lively and refreshing experience. As the scent unfolds, notes of Passion Fruit and Tangerine intertwine, creating a symphony of fruity delight. Finally, Peony and Iris add a trail of long-lasting impressions wherever you go. \u003c/span\u003e\u003c/p\u003e\r\n\u003cp\u003e\u003cspan style=\"font-weight: 400;\"\u003eThe perfume is dermatologically tested and Made Safe Approved, which makes it perfectly safe to use on skin! The added convenience of the atomizer spray ensures better fragrance diffusion, enhancing the experience, every day!  \u003c/span\u003e\u003c/p\u003e"},{"attribute_code":"meta_keyword","value":"Mamaearth Into the Sunset Eau De Parfum For Women - 100ml"},{"attribute_code":"special_price","value":"449.000000"},{"attribute_code":"special_from_date","value":"2025-05-15 00:00:00"}],"hide_in_front":0,"image":"/1/_/1_white_bg_54.jpg","imageAltTags":[],"is_in_stock":true,"name":"Mamaearth Into the Sunset Eau De Parfum For Women - 100ml","position":"0","price":"899.00","product_card_tags":"Made Safe Approved | Premium \u0026 Long Lasting Fragrance | Blend of Exotic Ingredients","review_count":75,"sku":"8904417315516","special_price":"449.00","special_price_from_date":{"date":"2025-05-15 05:30:00","timezone_type":3,"timezone":"Asia/Kolkata"},"tags":"BOGO","url_key":"mamaearth-into-the-sunset-eau-de-parfum-for-women-100ml","configurable_option":{"attribute_id":308,"option_id":374,"attribute_label":"EDP_Fragrance_New","title":"Sunset | For Women","swatch_data":{"swatch_id":550,"option_id":374,"store_id":1,"type":0,"value":"Sunset | For Women"}},"siblings":[{"id":1290,"sku":"8904417315301","name":"Mamaearth Into the Waves Eau De Parfum For Men - 100 ml","url_key":"mamaearth-into-the-waves-eau-de-parfum-for-men-100-ml","price":"899.00","is_in_stock":true,"custom_attributes":[{"attribute_code":"saving_scheme","value":"price_per_100_ml"},{"attribute_code":"volume","value":"100"}],"special_price":"","parent_id":1345,"attribute_id":308,"option_id":372,"parent_sku":"EDP_Fragrance_New","attribute_label":"EDP_Fragrance_New","title":"Waves | For Men","swatch_data":{"swatch_id":546,"option_id":372,"store_id":1,"type":0,"value":"Waves | For Men"}},{"id":1310,"sku":"8904417315493","name":"Mamaearth Into the Woods Eau De Parfum For Men - 100ml","url_key":"mamaearth-into-the-woods-eau-de-parfum-for-men-100ml","price":"899.00","is_in_stock":true,"custom_attributes":[{"attribute_code":"saving_scheme","value":"price_per_100_ml"},{"attribute_code":"volume","value":"100"}],"special_price":"","parent_id":1345,"attribute_id":308,"option_id":373,"parent_sku":"EDP_Fragrance_New","attribute_label":"EDP_Fragrance_New","title":"Woods | For Men","swatch_data":{"swatch_id":548,"option_id":373,"store_id":1,"type":0,"value":"Woods | For Men"}},{"id":1309,"sku":"8904417315509","name":"Mamaearth Into the Valley Eau De Parfum For Women - 100 ml","url_key":"mamaearth-into-the-valley-eau-de-parfum-for-women-100ml","price":"899.00","is_in_stock":true,"custom_attributes":[{"attribute_code":"saving_scheme","value":"price_per_100_ml"},{"attribute_code":"volume","value":"100"}],"special_price":"","parent_id":1345,"attribute_id":308,"option_id":375,"parent_sku":"EDP_Fragrance_New","attribute_label":"EDP_Fragrance_New","title":"Valley | For Women","swatch_data":{"swatch_id":552,"option_id":375,"store_id":1,"type":0,"value":"Valley | For Women"},"special_from_date":{"date":"2025-05-18 05:30:00","timezone_type":3,"timezone":"Asia/Kolkata"}},{"id":1291,"sku":"8904417315523","name":"Mamaearth Into the Vanilla Bliss Eau De Parfum For Women - 100ml","url_key":"mamaearth-into-the-vanilla-bliss-eau-de-parfum-for-women-100ml","price":"899.00","is_in_stock":true,"custom_attributes":[{"attribute_code":"saving_scheme","value":"price_per_100_ml"},{"attribute_code":"volume","value":"100"}],"special_price":"","parent_id":1345,"attribute_id":308,"option_id":376,"parent_sku":"EDP_Fragrance_New","attribute_label":"EDP_Fragrance_New","title":"Vanilla Bliss | For Women","swatch_data":{"swatch_id":554,"option_id":376,"store_id":1,"type":0,"value":"Vanilla Bliss | For Women"}}],"product_subtitle_keys":["Buy 1 Get 1 FREE"],"size":"100ml","unitPrice":"4.49/ml","old_productid":"1310","generic_name":null},{"id":1291,"tier_prices":[],"avg_rating_percent":100,"categories":[2,5,19,20,21,35,45,58,197,256,324,385,374,237],"created_at":"2024-06-17 06:48:24","custom_attributes":[{"attribute_code":"manufacturer","value":"STELLA INDUSSTRIES LIMITED Old Khandsa Road , Sector -37, HSIIDC, Gurugram – 122004, Haryana India"},{"attribute_code":"meta_title","value":"Into the Vanilla Bliss Eau De Parfum 100ml | Buy 1 Get 1 Free"},{"attribute_code":"meta_description","value":"Mamaearth’s Buy 1 Get 1 Sale (Code: BOGO). Buy Made Safe-certified Into the Vanilla Bliss Eau De Parfum for Women today. Premium \u0026 Long-Lasting Fragrance"},{"attribute_code":"image","value":"/1/_/1_white_bg_51.jpg"},{"attribute_code":"small_image","value":"/1/_/1_white_bg_51.jpg"},{"attribute_code":"thumbnail","value":"/1/_/1_white_bg_51.jpg"},{"attribute_code":"options_container","value":"container2"},{"attribute_code":"country_of_manufacture","value":"IN"},{"attribute_code":"url_key","value":"mamaearth-into-the-vanilla-bliss-eau-de-parfum-for-women-100ml"},{"attribute_code":"msrp_display_actual_price_type","value":"0"},{"attribute_code":"gift_message_available","value":"2"},{"attribute_code":"swatch_image","value":"/1/_/1_white_bg_51.jpg"},{"attribute_code":"attribute_label_1","value":"About Mamaearth Into the Vanilla Bliss Eau De Parfum"},{"attribute_code":"attribute_label_2","value":"Fragrance Notes"},{"attribute_code":"attribute_label_3","value":"How to Use"},{"attribute_code":"attribute_label_4","value":"Suitable For"},{"attribute_code":"attribute_label_5","value":"Why Mamaearth?"},{"attribute_code":"attribute_label_6","value":"Ingredient List"},{"attribute_code":"attribute_label_7","value":"FAQs"},{"attribute_code":"best_before","value":"36 Months"},{"attribute_code":"dimensions","value":"10*5*5"},{"attribute_code":"ean_code","value":"8904417315523"},{"attribute_code":"mrp","value":"899"},{"attribute_code":"old_productid","value":"1290"},{"attribute_code":"tags","value":"BOGO"},{"attribute_code":"marketed_by","value":"Honasa Consumer Limited, 10th and 11th Floor, Capital Cyberscape, Sector 59, Gurugram, Haryana, 122101"},{"attribute_code":"live_url","value":"https://mamaearth.in/product/mamaearth-into-the-vanilla-bliss-eau-de-parfum-for-women-100ml"},{"attribute_code":"license_no","value":"M. No.- 123-Coo(H)"},{"attribute_code":"length","value":"10"},{"attribute_code":"google_category","value":"2915"},{"attribute_code":"cms_sequence","value":"1,2,3,4,5,6,7,8"},{"attribute_code":"width","value":"5"},{"attribute_code":"height","value":"5"},{"attribute_code":"breadcrumb_category","value":"197","title":"Perfumes for Men \u0026 Women","url_key":"perfume"},{"attribute_code":"custom_product_type","value":"be_body"},{"attribute_code":"brand","value":"4"},{"attribute_code":"product_card_tags","value":"Made Safe Approved | Premium \u0026 Long Lasting Fragrance | Blend of Exotic Ingredients"},{"attribute_code":"saving_scheme","value":"price_per_100_ml"},{"attribute_code":"product_subtitle_keys","value":"Buy 1 Get 1 FREE"},{"attribute_code":"is_suitable_for_skin_type","value":"465","label":"normal"},{"attribute_code":"tax_class_id","value":"2"},{"attribute_code":"create_scarcity","value":"0"},{"attribute_code":"hide_product_infront","value":"0"},{"attribute_code":"show_in_feed","value":"1"},{"attribute_code":"base_category","value":"87"},{"attribute_code":"base_sub_category","value":"79"},{"attribute_code":"show_price_per_unit","value":"1"},{"attribute_code":"volume","value":"100"},{"attribute_code":"enable_fbt_popup","value":"0"},{"attribute_code":"enable_product_for_wa_commerce","value":"0"},{"attribute_code":"strikethrough","value":"1"},{"attribute_code":"edp_fragrance_new","value":"376"},{"attribute_code":"attribute_value_1","value":"\u003cdiv class=\"list-banner\"\u003e\u003cimg src=\"https://images.mamaearth.in/wysiwyg/vanilla_bliss_edp_aplus.jpg?format=auto\" alt=\"Mamaearth Into the Vanilla Bliss Eau De Parfum For Women\" /\u003e\r\n\u003cp style=\"text-align: center;\"\u003eMamaearth Into the Vanilla Bliss Eau De Parfum For Women\u003c/p\u003e\r\n\u003c/div\u003e"},{"attribute_code":"attribute_value_2","value":"\u003cdiv\u003e\r\n  \u003cul class=\"woodmart-list\"\u003e\r\n    \u003cli\u003e\r\n      \u003cdiv class=\"list-icon\"\u003e\r\n        \u003cimg\r\n          src=\"https://images.mamaearth.in/wysiwyg/vanilla_orchid.png\"\r\n          alt=\"Top Notes\"\r\n        /\u003e\r\n      \u003c/div\u003e\r\n      \u003cspan class=\"list-content\" style=\"text-align: justify\"\r\n        \u003e\u003cstrong\u003eTop Notes : \u003c/strong\u003eLike a warm hug from your childhood blanket, the notes of Vanilla Orchid comfort you with every whiff.\r\n      \u003c/span\u003e\r\n    \u003c/li\u003e\r\n    \r\n    \u003cli\u003e\r\n      \u003cdiv class=\"list-icon\"\u003e\r\n        \u003cimg\r\n          src=\"https://images.mamaearth.in/wysiwyg/french_vanilla.png\"\r\n          alt=\"Heart Notes\"\r\n        /\u003e\r\n      \u003c/div\u003e\r\n      \u003cspan class=\"list-content\" style=\"text-align: justify\"\r\n        \u003e\u003cstrong\u003eHeart Notes : \u003c/strong\u003eLike the aroma of homemade treats and cozy evenings, the blend of Brown Sugar \u0026 French Vanilla will get you craving for a hot cuppa.\r\n      \u003c/span\u003e\r\n    \u003c/li\u003e\r\n    \u003cli\u003e\r\n      \u003cdiv class=\"list-icon\"\u003e\r\n        \u003cimg\r\n          src=\"https://images.mamaearth.in/wysiwyg/tonka_beans.png\"\r\n          alt=\"Base Notes\"\r\n        /\u003e\r\n      \u003c/div\u003e\r\n      \u003cspan class=\"list-content\" style=\"text-align: justify\"\r\n        \u003e\u003cstrong\u003eBase Notes : \u003c/strong\u003eLike a nostalgic embrace, Amber provides warmth with the sweetness of Tonka Beans.\r\n      \u003c/span\u003e\r\n    \u003c/li\u003e\r\n  \u003c/ul\u003e\r\n\u003c/div\u003e\r\n"},{"attribute_code":"attribute_value_3","value":"\u003cul\u003e\r\n\u003cli style=\"font-weight: 400;\" aria-level=\"1\"\u003e\u003cspan style=\"font-weight: 400;\"\u003eStep 1: Spritz it on holding the bottle at a distance of 12 inches\u003c/span\u003e\u003c/li\u003e\r\n\u003cli style=\"font-weight: 400;\" aria-level=\"1\"\u003e\u003cspan style=\"font-weight: 400;\"\u003eStep 2: Repeat on all other pulse points such as wrist, neck and back of the ears\u003c/span\u003e\u003c/li\u003e\r\n\u003cli style=\"font-weight: 400;\" aria-level=\"1\"\u003e\u003cspan style=\"font-weight: 400;\"\u003eStep 3: Refresh your scent at any time of the day\u003c/span\u003e\u003c/li\u003e\r\n\u003c/ul\u003e\r\n\u003cp\u003e\u003cspan style=\"font-weight: 400;\"\u003ePro Tip: Don’t rub. Just dab and let it dry naturally.\u003c/span\u003e\u003c/p\u003e"},{"attribute_code":"attribute_value_4","value":"\u003cul\u003e\r\n\u003cli style=\"font-weight: 400;\" aria-level=\"1\"\u003e\u003cspan style=\"font-weight: 400;\"\u003eAnyone above the age of 18 years. \u003c/span\u003e\u003c/li\u003e\r\n\u003c/ul\u003e"},{"attribute_code":"attribute_value_5","value":"\u003cul class=\"compare-list\"\u003e\r\n\u003cli\u003e\r\n\u003cdiv class=\"compare-img\"\u003e \u003c/div\u003e\r\n\u003cdiv class=\"compare-content\"\u003e\r\n\u003cul\u003e\r\n\u003cli style=\"font-weight: 400;\" aria-level=\"1\"\u003e\u003cspan style=\"font-weight: 400;\"\u003eMade Safe Approved\u003c/span\u003e\u003c/li\u003e\r\n\u003cli style=\"font-weight: 400;\" aria-level=\"1\"\u003e\u003cspan style=\"font-weight: 400;\"\u003eSkin-Friendly \u003c/span\u003e\u003c/li\u003e\r\n\u003cli style=\"font-weight: 400;\" aria-level=\"1\"\u003e\u003cspan style=\"font-weight: 400;\"\u003eLong Lasting Fragrance\u003c/span\u003e\u003c/li\u003e\r\n\u003cli style=\"font-weight: 400;\" aria-level=\"1\"\u003e\u003cspan style=\"font-weight: 400;\"\u003eBlend of Exotic Ingredients\u003c/span\u003e\u003c/li\u003e\r\n\u003cli style=\"font-weight: 400;\" aria-level=\"1\"\u003e\u003cspan style=\"font-weight: 400;\"\u003eDermatologically Tested\u003c/span\u003e\u003c/li\u003e\r\n\u003cli style=\"font-weight: 400;\" aria-level=\"1\"\u003e\u003cspan style=\"font-weight: 400;\"\u003eCruelty-Free\u003c/span\u003e\u003c/li\u003e\r\n\u003cli style=\"font-weight: 400;\" aria-level=\"1\"\u003e\u003cspan style=\"font-weight: 400;\"\u003eToxin-Free \u0026amp; No Harmful Chemicals\u003c/span\u003e\u003c/li\u003e\r\n\u003c/ul\u003e\r\n\u003c/div\u003e\r\n\u003c/li\u003e\r\n\u003cli\u003e\r\n\u003cdiv class=\"compare-img\"\u003e \u003c/div\u003e\r\n\u003cdiv class=\"compare-content\"\u003e\r\n\u003cul\u003e\r\n\u003cli style=\"font-weight: 400;\" aria-level=\"1\"\u003e\u003cspan style=\"font-weight: 400;\"\u003eNot Made Safe Approved\u003c/span\u003e\u003c/li\u003e\r\n\u003cli style=\"font-weight: 400;\" aria-level=\"1\"\u003e\u003cspan style=\"font-weight: 400;\"\u003eIrritates Skin\u003c/span\u003e\u003c/li\u003e\r\n\u003cli style=\"font-weight: 400;\" aria-level=\"1\"\u003e\u003cspan style=\"font-weight: 400;\"\u003eNot Long Lasting Fragrance\u003c/span\u003e\u003c/li\u003e\r\n\u003cli style=\"font-weight: 400;\" aria-level=\"1\"\u003e\u003cspan style=\"font-weight: 400;\"\u003eDoesn’t Have Exotic Ingredients\u003c/span\u003e\u003c/li\u003e\r\n\u003cli style=\"font-weight: 400;\" aria-level=\"1\"\u003e\u003cspan style=\"font-weight: 400;\"\u003eNot Dermatologically Tested\u003c/span\u003e\u003c/li\u003e\r\n\u003cli style=\"font-weight: 400;\" aria-level=\"1\"\u003e\u003cspan style=\"font-weight: 400;\"\u003eNot Cruelty-free\u003c/span\u003e\u003c/li\u003e\r\n\u003cli style=\"font-weight: 400;\" aria-level=\"1\"\u003e\u003cspan style=\"font-weight: 400;\"\u003eContains Harmful Chemicals\u003c/span\u003e\u003c/li\u003e\r\n\u003c/ul\u003e\r\n\u003c/div\u003e\r\n\u003c/li\u003e\r\n\u003c/ul\u003e"},{"attribute_code":"attribute_value_6","value":"\u003ctable\u003e\r\n\u003ctbody\u003e\r\n\u003ctr\u003e\r\n\u003ctd\u003e\r\n\u003cp\u003e\u003cstrong\u003eIngredient\u003c/strong\u003e\u003c/p\u003e\r\n\u003c/td\u003e\r\n\u003ctd\u003e\r\n\u003cp\u003e\u003cstrong\u003eType\u003c/strong\u003e\u003c/p\u003e\r\n\u003c/td\u003e\r\n\u003ctd\u003e\r\n\u003cp\u003e\u003cstrong\u003eWhere Is It From\u003c/strong\u003e\u003c/p\u003e\r\n\u003c/td\u003e\r\n\u003ctd\u003e\r\n\u003cp\u003e\u003cstrong\u003eHow It Helps\u003c/strong\u003e\u003c/p\u003e\r\n\u003c/td\u003e\r\n\u003c/tr\u003e\r\n\u003ctr\u003e\r\n\u003ctd\u003e\r\n\u003cp\u003e\u003cspan style=\"font-weight: 400;\"\u003eAlcohol Denatured\u003c/span\u003e\u003c/p\u003e\r\n\u003c/td\u003e\r\n\u003ctd\u003e\r\n\u003cp\u003e\u003cspan style=\"font-weight: 400;\"\u003eSynthetic\u003c/span\u003e\u003c/p\u003e\r\n\u003c/td\u003e\r\n\u003ctd\u003e\r\n\u003cp\u003e\u003cspan style=\"font-weight: 400;\"\u003eLab-Synthesized\u003c/span\u003e\u003c/p\u003e\r\n\u003c/td\u003e\r\n\u003ctd\u003e\r\n\u003cp\u003e\u003cspan style=\"font-weight: 400;\"\u003eDenaturant\u003c/span\u003e\u003c/p\u003e\r\n\u003c/td\u003e\r\n\u003c/tr\u003e\r\n\u003ctr\u003e\r\n\u003ctd\u003e\r\n\u003cp\u003e\u003cspan style=\"font-weight: 400;\"\u003eFragrance[PARFUM]\u003c/span\u003e\u003c/p\u003e\r\n\u003c/td\u003e\r\n\u003ctd\u003e\r\n\u003cp\u003e\u003cspan style=\"font-weight: 400;\"\u003eNatural\u003c/span\u003e\u003c/p\u003e\r\n\u003c/td\u003e\r\n\u003ctd\u003e\r\n\u003cp\u003e\u003cspan style=\"font-weight: 400;\"\u003ePlant-Based\u003c/span\u003e\u003c/p\u003e\r\n\u003c/td\u003e\r\n\u003ctd\u003e\r\n\u003cp\u003e\u003cspan style=\"font-weight: 400;\"\u003eFragrance\u003c/span\u003e\u003c/p\u003e\r\n\u003c/td\u003e\r\n\u003c/tr\u003e\r\n\u003ctr\u003e\r\n\u003ctd\u003e\r\n\u003cp\u003e\u003cspan style=\"font-weight: 400;\"\u003eAqua\u003c/span\u003e\u003c/p\u003e\r\n\u003c/td\u003e\r\n\u003ctd\u003e\r\n\u003cp\u003e\u003cspan style=\"font-weight: 400;\"\u003eNatural\u003c/span\u003e\u003c/p\u003e\r\n\u003c/td\u003e\r\n\u003ctd\u003e\r\n\u003cp\u003e\u003cspan style=\"font-weight: 400;\"\u003eWater\u003c/span\u003e\u003c/p\u003e\r\n\u003c/td\u003e\r\n\u003ctd\u003e\r\n\u003cp\u003e\u003cspan style=\"font-weight: 400;\"\u003eDiluent\u003c/span\u003e\u003c/p\u003e\r\n\u003c/td\u003e\r\n\u003c/tr\u003e\r\n\u003ctr\u003e\r\n\u003ctd\u003e\r\n\u003cp\u003e\u003cspan style=\"font-weight: 400;\"\u003eCI 45370\u003c/span\u003e\u003c/p\u003e\r\n\u003c/td\u003e\r\n\u003ctd\u003e\r\n\u003cp\u003e\u003cspan style=\"font-weight: 400;\"\u003eSynthetic\u003c/span\u003e\u003c/p\u003e\r\n\u003c/td\u003e\r\n\u003ctd\u003e\r\n\u003cp\u003e\u003cspan style=\"font-weight: 400;\"\u003eLab-Synthesized\u003c/span\u003e\u003c/p\u003e\r\n\u003c/td\u003e\r\n\u003ctd\u003e\r\n\u003cp\u003e\u003cspan style=\"font-weight: 400;\"\u003eColor\u003c/span\u003e\u003c/p\u003e\r\n\u003c/td\u003e\r\n\u003c/tr\u003e\r\n\u003ctr\u003e\r\n\u003ctd\u003e\r\n\u003cp\u003e\u003cspan style=\"font-weight: 400;\"\u003eBenzophenone-3\u003c/span\u003e\u003c/p\u003e\r\n\u003c/td\u003e\r\n\u003ctd\u003e\r\n\u003cp\u003e\u003cspan style=\"font-weight: 400;\"\u003eSynthetic\u003c/span\u003e\u003c/p\u003e\r\n\u003c/td\u003e\r\n\u003ctd\u003e\r\n\u003cp\u003e\u003cspan style=\"font-weight: 400;\"\u003eLab-Synthesized\u003c/span\u003e\u003c/p\u003e\r\n\u003c/td\u003e\r\n\u003ctd\u003e\r\n\u003cp\u003e\u003cspan style=\"font-weight: 400;\"\u003eAnti-oxidant\u003c/span\u003e\u003c/p\u003e\r\n\u003c/td\u003e\r\n\u003c/tr\u003e\r\n\u003ctr\u003e\r\n\u003ctd\u003e\r\n\u003cp\u003e\u003cspan style=\"font-weight: 400;\"\u003eCI 16035\u003c/span\u003e\u003c/p\u003e\r\n\u003c/td\u003e\r\n\u003ctd\u003e\r\n\u003cp\u003e\u003cspan style=\"font-weight: 400;\"\u003eSynthetic\u003c/span\u003e\u003c/p\u003e\r\n\u003c/td\u003e\r\n\u003ctd\u003e\r\n\u003cp\u003e\u003cspan style=\"font-weight: 400;\"\u003eLab-Synthesized\u003c/span\u003e\u003c/p\u003e\r\n\u003c/td\u003e\r\n\u003ctd\u003e\r\n\u003cp\u003e\u003cspan style=\"font-weight: 400;\"\u003eColor\u003c/span\u003e\u003c/p\u003e\r\n\u003c/td\u003e\r\n\u003c/tr\u003e\r\n\u003c/tbody\u003e\r\n\u003c/table\u003e"},{"attribute_code":"attribute_value_7","value":"\u003cdiv id=\"faqs\"\u003e\r\n\u003cp\u003eCan I Spray It On My Skin?\u003c/p\u003e\r\n\u003cp\u003eYes, you can absolutely spritz Mamaearth Into the Vanilla Bliss Eau De Parfum on your pulse points. It’s Made Safe Approved.\u003c/p\u003e\r\n\u003cp\u003eWhat Does This Perfume Smell Like?\u003c/p\u003e\r\n\u003cp\u003eIndulge in pure Vanilla Bliss as you’re transported to a cozy morning with a steaming cuppa by your side, as notes of Vanilla Orchid blended with Tonka Beans \u0026amp; Amber envelop you in a warm hug.\u003c/p\u003e\r\n\u003cp\u003eCan I Use This Perfume Daily?\u003c/p\u003e\r\n\u003cp\u003eYes, you can use Mamaearth Into the Vanilla Bliss Eau De Parfum daily or on special occasions.\u003c/p\u003e\r\n\u003cp\u003eHow Many Times Should I Reapply This Perfume?\u003c/p\u003e\r\n\u003cp\u003eMamearth Into the Vanilla Bliss Eau De Parfum will last throughout the day. You can reapply this perfume once during the day.\u003c/p\u003e\r\n\u003c/div\u003e"},{"attribute_code":"meta_keyword","value":"Mamaearth Into the Vanilla Bliss Eau De Parfum For Women - 100ml"},{"attribute_code":"short_description","value":"\u003cp\u003e\u003cspan style=\"font-weight: 400;\"\u003eWith every spritz of \u003cstrong\u003eMamaearth Into the Vanilla Bliss Eau De Parfum\u003c/strong\u003e, get whisked away to a cozy morning with a steaming cuppa of your favorite brew by your side. Feel the comforting aroma of creamy vanilla with subtle undertones, taking you back to your happy place.\u003c/span\u003e\u003c/p\u003e\r\n\u003cp\u003e\u003cspan style=\"font-weight: 400;\"\u003eThe top notes of Vanilla Orchids transport you to a field of delicate blossoms. As you sink deeper, the blend of Brown Sugar \u0026amp; French Vanilla perks you up. And leaving the best for the end, the base notes of Tonka Beans \u0026amp; Amber swoop you in a warm embrace.\u003c/span\u003e\u003c/p\u003e\r\n\u003cp\u003e\u003cspan style=\"font-weight: 400;\"\u003eCrafted with exotic ingredients, each whiff is a long-lasting sensorial experience. The unique atomizer spray adds to the experience by making the spritzing oh-so-luxurious! Made Safe Approved, Mamaearth Into the Vanilla Bliss Eau De Parfum is safe for your skin and clothes, and leaves you with a mesmerizing scent all day long. \u003c/span\u003e\u003c/p\u003e"},{"attribute_code":"special_price","value":null}],"hide_in_front":0,"image":"/1/_/1_white_bg_51.jpg","imageAltTags":[],"is_in_stock":true,"name":"Mamaearth Into the Vanilla Bliss Eau De Parfum For Women - 100ml","position":"3","price":"899.00","product_card_tags":"Made Safe Approved | Premium \u0026 Long Lasting Fragrance | Blend of Exotic Ingredients","review_count":31,"sku":"8904417315523","special_price":"","tags":"BOGO","url_key":"mamaearth-into-the-vanilla-bliss-eau-de-parfum-for-women-100ml","configurable_option":{"attribute_id":308,"option_id":376,"attribute_label":"EDP_Fragrance_New","title":"Vanilla Bliss | For Women","swatch_data":{"swatch_id":554,"option_id":376,"store_id":1,"type":0,"value":"Vanilla Bliss | For Women"}},"siblings":[{"id":1290,"sku":"8904417315301","name":"Mamaearth Into the Waves Eau De Parfum For Men - 100 ml","url_key":"mamaearth-into-the-waves-eau-de-parfum-for-men-100-ml","price":"899.00","is_in_stock":true,"custom_attributes":[{"attribute_code":"saving_scheme","value":"price_per_100_ml"},{"attribute_code":"volume","value":"100"}],"special_price":"","parent_id":1345,"attribute_id":308,"option_id":372,"parent_sku":"EDP_Fragrance_New","attribute_label":"EDP_Fragrance_New","title":"Waves | For Men","swatch_data":{"swatch_id":546,"option_id":372,"store_id":1,"type":0,"value":"Waves | For Men"}},{"id":1310,"sku":"8904417315493","name":"Mamaearth Into the Woods Eau De Parfum For Men - 100ml","url_key":"mamaearth-into-the-woods-eau-de-parfum-for-men-100ml","price":"899.00","is_in_stock":true,"custom_attributes":[{"attribute_code":"saving_scheme","value":"price_per_100_ml"},{"attribute_code":"volume","value":"100"}],"special_price":"","parent_id":1345,"attribute_id":308,"option_id":373,"parent_sku":"EDP_Fragrance_New","attribute_label":"EDP_Fragrance_New","title":"Woods | For Men","swatch_data":{"swatch_id":548,"option_id":373,"store_id":1,"type":0,"value":"Woods | For Men"}},{"id":1311,"sku":"8904417315516","name":"Mamaearth Into the Sunset Eau De Parfum For Women - 100ml","url_key":"mamaearth-into-the-sunset-eau-de-parfum-for-women-100ml","price":"899.00","is_in_stock":true,"custom_attributes":[{"attribute_code":"saving_scheme","value":"price_per_100_ml"},{"attribute_code":"volume","value":"100"}],"special_price":"449.00","parent_id":1345,"attribute_id":308,"option_id":374,"parent_sku":"EDP_Fragrance_New","attribute_label":"EDP_Fragrance_New","title":"Sunset | For Women","swatch_data":{"swatch_id":550,"option_id":374,"store_id":1,"type":0,"value":"Sunset | For Women"},"special_from_date":{"date":"2025-05-15 05:30:00","timezone_type":3,"timezone":"Asia/Kolkata"}},{"id":1309,"sku":"8904417315509","name":"Mamaearth Into the Valley Eau De Parfum For Women - 100 ml","url_key":"mamaearth-into-the-valley-eau-de-parfum-for-women-100ml","price":"899.00","is_in_stock":true,"custom_attributes":[{"attribute_code":"saving_scheme","value":"price_per_100_ml"},{"attribute_code":"volume","value":"100"}],"special_price":"","parent_id":1345,"attribute_id":308,"option_id":375,"parent_sku":"EDP_Fragrance_New","attribute_label":"EDP_Fragrance_New","title":"Valley | For Women","swatch_data":{"swatch_id":552,"option_id":375,"store_id":1,"type":0,"value":"Valley | For Women"},"special_from_date":{"date":"2025-05-18 05:30:00","timezone_type":3,"timezone":"Asia/Kolkata"}}],"product_subtitle_keys":["Buy 1 Get 1 FREE"],"size":"100ml","unitPrice":"8.99/ml","old_productid":"1290","generic_name":null}]},{"categId":205,"title":"Lightning sale","description":"\u003cp\u003eExplore the goodness of nature from Mamaearth. Take a look at our lightning offers\u003c/p\u003e","position":2,"shopLink":"/product-category/lightning-sale","products":[]}],"carouselCategoryList":[{"_id":"63dcffb904fb410012c82d89","path":"/product-category/best-seller","title":"BestSellers","imgMob":"https://images.mamaearth.in/category-circles/bestseller.png?format=auto"},{"_id":"63dcffb904fb410012c82d8a","path":"/product-category/skin","title":"Face","imgMob":"https://images.mamaearth.in/category-circles/face.png?format=auto"},{"_id":"63dcffb904fb410012c82d8b","path":"/product-category/hair","title":"Hair","imgMob":"https://images.mamaearth.in/category-circles/hair.png?format=auto"},{"_id":"63dcffb904fb410012c82d8c","path":"/product-category/body","title":"Body","imgMob":"https://images.mamaearth.in/category-circles/body.png?format=auto"},{"_id":"63dcffb904fb410012c82d8d","path":"/product-category/makeup-products","title":"Makeup","imgMob":"https://images.mamaearth.in/category-circles/colorcare.png?format=auto"},{"_id":"63dcffb904fb410012c82d8e","path":"/product-category/for-babies","title":"Baby","imgMob":"https://images.mamaearth.in/category-circles/baby.png?format=auto"},{"_id":"63dcffb904fb410012c82d88","path":"/product-category/new-launches","title":"New Launch","imgMob":"https://images.mamaearth.in/category-circles/new-launch.png?format=auto"}],"homepageContent":{},"carouselData":[],"treeCount":0}},"page":"/","query":{},"buildId":"BnTey7CLDP3jx-cqr09h4","assetPrefix":"https://assets.mamaearth.in","runtimeConfig":{"CLOUDFLARE_URL":"https://assets.mamaearth.in","NODE_ENV":"production"},"isFallback":false,"dynamicIds":[84074],"gssp":true,"appGip":true,"scriptLoader":[{"strategy":"afterInteractive","id":"moengage-script","children":"(function(i,s,o,g,r,a,m,n){i.moengage_object=r;t={};q=function(f){return function(){(i.moengage_q=i.moengage_q||[]).push({f:f,a:arguments})}};f=['track_event','add_user_attribute','add_first_name','add_last_name','add_email','add_mobile','add_user_name','add_gender','add_birthday','destroy_session','add_unique_user_id','moe_events','call_web_push','track','location_type_attribute'],h={onsite:[\"getData\",\"registerCallback\"]};for(k in f){t[f[k]]=q(f[k])}for(k in h)for(l in h[k]){null==t[k]\u0026\u0026(t[k]={}),t[k][h[k][l]]=q(k+\".\"+h[k][l])}a=s.createElement(o);m=s.getElementsByTagName(o)[0];a.defer=true;a.src=g;m.parentNode.insertBefore(a,m);i.moe=i.moe||function(){n=arguments[0];return t};a.onload=function(){if(n){i[r]=moe(n)}}})(window,document,'script','https://cdn.moengage.com/webpush/moe_webSdk.min.latest.js','Moengage')\n            Moengage = moe({\n              app_id:\"V6PYOQ84KPHYZ17AB2BU3HFI\",\n              debug_logs: 0,\n              swPath: \"/service-worker.js\"\n            });"},{"strategy":"afterInteractive","id":"limechat-script","children":"window.innerWidth \u003e=768 \u0026\u0026 (function(d,t){var BASE_URL= \"https://app.limechat.ai\" ,g=d.createElement(t),s=d.getElementsByTagName(t)[0];g.src=\"https://s3.ap-south-1.amazonaws.com/cdn.limechat.ai/packs/js/LC_sdk/v1/sdk.js\";g.defer=true;s.parentNode.insertBefore(g,s);g.onload=function(){window.chatwootSDK.run({websiteToken: \"bf9AG2AjXnzysE5kgBWp8xKN\", baseUrl:BASE_URL})}})(document,\"script\");"}]}</script></body></html>